askQty,askTop,bidQty,bidTop,timestamp
2.0167,0.9638,37128000,37143000,2023-00-05/30/23 00:00:00
2.5757999999999996,0.5563,37130000,37145000,2023-00-05/30/23 00:00:01
2.0405,0.5558000000000001,37132000,37150000,2023-00-05/30/23 00:00:02
0.9570000000000001,1.0865,37132000,37150000,2023-00-05/30/23 00:00:03
1.4697999999999998,1.0909,37130000,37150000,2023-00-05/30/23 00:00:04
1.9482,1.0016,37125000,37148000,2023-00-05/30/23 00:00:05
0.8559,0.9908,37125000,37144000,2023-00-05/30/23 00:00:06
0.8556,1.1390000000000002,37125000,37144000,2023-00-05/30/23 00:00:07
0.8559,0.6012,37125000,37144000,2023-00-05/30/23 00:00:08
1.3779,0.9877000000000001,37125000,37140000,2023-00-05/30/23 00:00:09
0.7101000000000001,0.9877000000000001,37125000,37140000,2023-00-05/30/23 00:00:10
0.7154,0.9762,37125000,37138000,2023-00-05/30/23 00:00:11
0.7154,0.9762,37125000,37138000,2023-00-05/30/23 00:00:12
0.7389999999999999,0.9581999999999998,37126000,37138000,2023-00-05/30/23 00:00:13
0.7389999999999999,1.0281,37126000,37136000,2023-00-05/30/23 00:00:14
0.7298,1.0281,37126000,37136000,2023-00-05/30/23 00:00:15
0.7752000000000001,0.9912,37126000,37136000,2023-00-05/30/23 00:00:16
0.7269,1.015,37126000,37136000,2023-00-05/30/23 00:00:17
1.8001,2.123,37126000,37132000,2023-00-05/30/23 00:00:18
1.8451,3.1696,37125000,37132000,2023-00-05/30/23 00:00:19
2.876,3.1782000000000004,37123000,37132000,2023-00-05/30/23 00:00:20
2.8291,2.0061,37123000,37128000,2023-00-05/30/23 00:00:21
2.8255000000000003,1.5268000000000002,37098000,37126000,2023-00-05/30/23 00:00:22
2.9799000000000007,1.9831999999999999,37099000,37124000,2023-00-05/30/23 00:00:23
2.9799000000000007,1.5284000000000002,37099000,37124000,2023-00-05/30/23 00:00:24
2.7864000000000004,3.0657999999999994,37098000,37120000,2023-00-05/30/23 00:00:25
2.7864000000000004,2.5662999999999996,37098000,37118000,2023-00-05/30/23 00:00:26
2.7864000000000004,3.1043999999999996,37098000,37118000,2023-00-05/30/23 00:00:27
2.7873,3.1043999999999996,37098000,37118000,2023-00-05/30/23 00:00:28
2.7873,3.1043,37098000,37118000,2023-00-05/30/23 00:00:29
2.7873,0.9562999999999999,37098000,37118000,2023-00-05/30/23 00:00:30
1.7595999999999996,0.9559,37098000,37118000,2023-00-05/30/23 00:00:31
1.8260999999999998,0.9559,37100000,37118000,2023-00-05/30/23 00:00:32
1.8260999999999998,0.9559,37100000,37118000,2023-00-05/30/23 00:00:33
1.8260999999999998,0.9559,37100000,37118000,2023-00-05/30/23 00:00:34
1.8553,0.46950000000000003,37101000,37128000,2023-00-05/30/23 00:00:35
1.8553,0.5234000000000001,37101000,37128000,2023-00-05/30/23 00:00:36
1.9029,0.5234000000000001,37103000,37128000,2023-00-05/30/23 00:00:37
1.9029,0.5234000000000001,37103000,37128000,2023-00-05/30/23 00:00:38
1.4201,0.5588000000000001,37118000,37142000,2023-00-05/30/23 00:00:39
1.4013,2.5362000000000005,37118000,37154000,2023-00-05/30/23 00:00:40
1.4013,3.0734000000000004,37118000,37154000,2023-00-05/30/23 00:00:41
1.4304999999999999,1.1081,37120000,37152000,2023-00-05/30/23 00:00:42
2.5772000000000004,1.0542,37120000,37152000,2023-00-05/30/23 00:00:43
2.5772000000000004,1.0704000000000002,37120000,37150000,2023-00-05/30/23 00:00:44
2.6036,3.0678,37120000,37148000,2023-00-05/30/23 00:00:45
2.7593,3.0678,37120000,37148000,2023-00-05/30/23 00:00:46
2.3331999999999997,2.5864,37122000,37146000,2023-00-05/30/23 00:00:47
2.8270999999999997,3.124,37112000,37146000,2023-00-05/30/23 00:00:48
2.8270999999999997,3.124,37112000,37146000,2023-00-05/30/23 00:00:49
2.8255999999999997,2.5864,37114000,37144000,2023-00-05/30/23 00:00:50
2.8255999999999997,2.5864,37114000,37144000,2023-00-05/30/23 00:00:51
2.7416,2.5488999999999997,37114000,37140000,2023-00-05/30/23 00:00:52
2.7416,2.5488999999999997,37114000,37140000,2023-00-05/30/23 00:00:53
2.7567,2.5489,37115000,37140000,2023-00-05/30/23 00:00:54
2.7421,2.5489,37116000,37140000,2023-00-05/30/23 00:00:55
2.7421,2.5489,37116000,37140000,2023-00-05/30/23 00:00:56
2.7922000000000002,3.0381,37116000,37140000,2023-00-05/30/23 00:00:57
2.7922000000000002,2.5473,37116000,37138000,2023-00-05/30/23 00:00:58
2.7922000000000002,1.9826,37116000,37138000,2023-00-05/30/23 00:00:59
2.7922000000000002,1.9826,37116000,37138000,2023-01-05/30/23 00:01:00
2.9215999999999998,3.0355,37118000,37138000,2023-01-05/30/23 00:01:01
2.9278999999999997,1.9494999999999998,37114000,37138000,2023-01-05/30/23 00:01:02
2.8381,1.4734999999999998,37108000,37138000,2023-01-05/30/23 00:01:03
2.8381,1.4734999999999998,37108000,37138000,2023-01-05/30/23 00:01:04
2.8665,1.9487999999999996,37108000,37138000,2023-01-05/30/23 00:01:05
2.783,1.9492999999999998,37108000,37136000,2023-01-05/30/23 00:01:06
2.3078,1.9492999999999998,37109000,37136000,2023-01-05/30/23 00:01:07
3.4069,1.474,37104000,37136000,2023-01-05/30/23 00:01:08
3.3935,1.474,37106000,37136000,2023-01-05/30/23 00:01:09
2.863,1.9451,37106000,37132000,2023-01-05/30/23 00:01:10
2.863,1.9451,37106000,37132000,2023-01-05/30/23 00:01:11
2.863,1.9451,37106000,37132000,2023-01-05/30/23 00:01:12
3.3973999999999998,1.4119,37106000,37130000,2023-01-05/30/23 00:01:13
3.3805,1.4119,37103000,37130000,2023-01-05/30/23 00:01:14
3.4038999999999997,0.8962999999999999,37104000,37128000,2023-01-05/30/23 00:01:15
2.8851999999999998,0.8962999999999999,37104000,37128000,2023-01-05/30/23 00:01:16
3.4038999999999997,0.36419999999999997,37104000,37115000,2023-01-05/30/23 00:01:17
3.4042,0.36419999999999997,37104000,37115000,2023-01-05/30/23 00:01:18
3.4042,0.3585999999999999,37104000,37115000,2023-01-05/30/23 00:01:19
3.4518,0.35839999999999994,37104000,37115000,2023-01-05/30/23 00:01:20
3.4254,0.35839999999999994,37104000,37115000,2023-01-05/30/23 00:01:21
3.4444,0.35839999999999994,37104000,37115000,2023-01-05/30/23 00:01:22
3.4444,0.35839999999999994,37104000,37115000,2023-01-05/30/23 00:01:23
3.4471000000000003,0.35839999999999994,37104000,37115000,2023-01-05/30/23 00:01:24
3.4471000000000003,0.35839999999999994,37104000,37115000,2023-01-05/30/23 00:01:25
2.9358,0.35839999999999994,37105000,37115000,2023-01-05/30/23 00:01:26
2.9358,0.35839999999999994,37105000,37115000,2023-01-05/30/23 00:01:27
3.2859,0.39880000000000004,37101000,37115000,2023-01-05/30/23 00:01:28
3.3123,0.8794000000000001,37101000,37115000,2023-01-05/30/23 00:01:29
3.2859,0.8794000000000001,37101000,37115000,2023-01-05/30/23 00:01:30
3.2098999999999998,0.8794000000000001,37101000,37115000,2023-01-05/30/23 00:01:31
4.2952,1.4048999999999998,37101000,37113000,2023-01-05/30/23 00:01:32
2.6682999999999995,1.3760999999999999,37101000,37111000,2023-01-05/30/23 00:01:33
1.5916999999999997,1.9365999999999999,37101000,37108000,2023-01-05/30/23 00:01:34
1.5916999999999997,1.9365999999999999,37101000,37108000,2023-01-05/30/23 00:01:35
1.5916999999999997,1.9365999999999999,37101000,37108000,2023-01-05/30/23 00:01:36
1.5916999999999997,1.9365999999999999,37101000,37108000,2023-01-05/30/23 00:01:37
1.5881999999999996,1.9365999999999999,37101000,37108000,2023-01-05/30/23 00:01:38
1.5881999999999996,1.9293,37101000,37108000,2023-01-05/30/23 00:01:39
2.2013,1.4072999999999998,37099000,37101000,2023-01-05/30/23 00:01:40
2.2013,1.4072999999999998,37099000,37101000,2023-01-05/30/23 00:01:41
2.2157,1.4312,37099000,37101000,2023-01-05/30/23 00:01:42
2.2420999999999998,0.322,37099000,37101000,2023-01-05/30/23 00:01:43
2.2420999999999998,0.322,37099000,37101000,2023-01-05/30/23 00:01:44
2.2420999999999998,0.322,37099000,37101000,2023-01-05/30/23 00:01:45
2.2382,0.322,37099000,37101000,2023-01-05/30/23 00:01:46
2.8028999999999997,0.322,37099000,37101000,2023-01-05/30/23 00:01:47
2.8028999999999997,0.35890000000000005,37099000,37101000,2023-01-05/30/23 00:01:48
2.8601,0.32580000000000003,37099000,37101000,2023-01-05/30/23 00:01:49
2.8337,0.37539999999999996,37099000,37101000,2023-01-05/30/23 00:01:50
2.8241,0.37539999999999996,37099000,37101000,2023-01-05/30/23 00:01:51
2.8355,0.3252,37099000,37101000,2023-01-05/30/23 00:01:52
2.8355,0.3252,37099000,37101000,2023-01-05/30/23 00:01:53
3.0149,0.29059999999999997,37101000,37112000,2023-01-05/30/23 00:01:54
2.9959000000000002,1.4356,37101000,37115000,2023-01-05/30/23 00:01:55
2.9959000000000002,1.4356,37101000,37115000,2023-01-05/30/23 00:01:56
2.9959000000000002,1.4356,37101000,37115000,2023-01-05/30/23 00:01:57
3.5342000000000002,1.4356,37101000,37115000,2023-01-05/30/23 00:01:58
3.3740000000000006,1.4356,37099000,37115000,2023-01-05/30/23 00:01:59
3.4632000000000005,0.3043,37100000,37115000,2023-02-05/30/23 00:02:00
3.4632000000000005,0.3043,37100000,37115000,2023-02-05/30/23 00:02:01
3.4632000000000005,0.3043,37100000,37115000,2023-02-05/30/23 00:02:02
2.9124000000000003,0.3326,37115000,37117000,2023-02-05/30/23 00:02:03
2.9124000000000003,0.3326,37115000,37117000,2023-02-05/30/23 00:02:04
2.8432000000000004,0.3729,37115000,37117000,2023-02-05/30/23 00:02:05
2.8669000000000002,0.41569999999999996,37115000,37117000,2023-02-05/30/23 00:02:06
2.8350000000000004,0.35960000000000003,37115000,37119000,2023-02-05/30/23 00:02:07
2.8816,0.3985,37115000,37124000,2023-02-05/30/23 00:02:08
3.2051,0.8767,37115000,37127000,2023-02-05/30/23 00:02:09
3.2051,0.8767,37115000,37127000,2023-02-05/30/23 00:02:10
3.1844,0.5437000000000001,37115000,37138000,2023-02-05/30/23 00:02:11
3.1844,1.0385,37115000,37138000,2023-02-05/30/23 00:02:12
1.0826,0.9787,37115000,37138000,2023-02-05/30/23 00:02:13
1.0826,0.9947,37115000,37138000,2023-02-05/30/23 00:02:14
1.0826,0.9947,37115000,37138000,2023-02-05/30/23 00:02:15
0.7392000000000001,0.9947,37115000,37138000,2023-02-05/30/23 00:02:16
0.7392000000000001,0.9947,37115000,37138000,2023-02-05/30/23 00:02:17
0.7392000000000001,0.9947,37115000,37138000,2023-02-05/30/23 00:02:18
2.9452,0.9947,37115000,37138000,2023-02-05/30/23 00:02:19
3.4988,0.9947,37115000,37138000,2023-02-05/30/23 00:02:20
3.8287,0.9472,37115000,37138000,2023-02-05/30/23 00:02:21
3.8287,0.9472,37115000,37138000,2023-02-05/30/23 00:02:22
3.8287,0.9832000000000001,37115000,37138000,2023-02-05/30/23 00:02:23
3.8287,1.0086,37115000,37138000,2023-02-05/30/23 00:02:24
2.7824,0.5962000000000001,37122000,37138000,2023-02-05/30/23 00:02:25
2.7824,0.5962000000000001,37122000,37138000,2023-02-05/30/23 00:02:26
3.3172999999999995,2.1673999999999998,37122000,37152000,2023-02-05/30/23 00:02:27
2.7656,2.0295,37128000,37167000,2023-02-05/30/23 00:02:28
2.7656,2.0295,37128000,37167000,2023-02-05/30/23 00:02:29
3.3028999999999993,0.44739999999999996,37128000,37159000,2023-02-05/30/23 00:02:30
3.3028999999999993,0.44739999999999996,37128000,37159000,2023-02-05/30/23 00:02:31
3.3028999999999993,1.0372,37128000,37157000,2023-02-05/30/23 00:02:32
3.3028999999999993,1.0372,37128000,37157000,2023-02-05/30/23 00:02:33
3.3028999999999993,1.0901,37128000,37157000,2023-02-05/30/23 00:02:34
3.3011,3.0376,37130000,37155000,2023-02-05/30/23 00:02:35
3.2535,2.9829,37134000,37155000,2023-02-05/30/23 00:02:36
3.2535,2.9829,37134000,37155000,2023-02-05/30/23 00:02:37
3.2125000000000004,3.0084,37134000,37155000,2023-02-05/30/23 00:02:38
3.1974,3.0084,37134000,37155000,2023-02-05/30/23 00:02:39
3.1974,3.0084,37134000,37155000,2023-02-05/30/23 00:02:40
2.8602,3.0597,37134000,37153000,2023-02-05/30/23 00:02:41
1.9933999999999998,3.0597,37134000,37153000,2023-02-05/30/23 00:02:42
1.9933999999999998,3.0597,37134000,37153000,2023-02-05/30/23 00:02:43
3.1486,2.0094000000000003,37134000,37153000,2023-02-05/30/23 00:02:44
3.1495999999999995,2.0094000000000003,37134000,37153000,2023-02-05/30/23 00:02:45
2.8495,2.6337,37134000,37153000,2023-02-05/30/23 00:02:46
2.8475,2.6337,37134000,37153000,2023-02-05/30/23 00:02:47
2.8475,2.6337,37134000,37153000,2023-02-05/30/23 00:02:48
2.8475,1.5307,37134000,37153000,2023-02-05/30/23 00:02:49
2.8475,1.4781,37134000,37151000,2023-02-05/30/23 00:02:50
2.8653,1.4781,37134000,37151000,2023-02-05/30/23 00:02:51
2.8653,1.4781,37134000,37151000,2023-02-05/30/23 00:02:52
2.8653,1.4781,37134000,37151000,2023-02-05/30/23 00:02:53
2.8653,1.4781,37134000,37151000,2023-02-05/30/23 00:02:54
2.8691999999999998,0.9291999999999999,37134000,37151000,2023-02-05/30/23 00:02:55
2.8691999999999998,2.0511,37134000,37151000,2023-02-05/30/23 00:02:56
2.8691999999999998,2.0511,37134000,37151000,2023-02-05/30/23 00:02:57
2.8691999999999998,1.5355999999999999,37134000,37151000,2023-02-05/30/23 00:02:58
2.8691999999999998,1.5355999999999999,37134000,37151000,2023-02-05/30/23 00:02:59
2.8691999999999998,1.4676,37134000,37151000,2023-03-05/30/23 00:03:00
2.8691999999999998,0.9308000000000002,37134000,37151000,2023-03-05/30/23 00:03:01
2.8691999999999998,0.9298000000000001,37134000,37151000,2023-03-05/30/23 00:03:02
2.8691999999999998,0.9298000000000001,37134000,37151000,2023-03-05/30/23 00:03:03
2.7922000000000002,0.9467000000000002,37136000,37153000,2023-03-05/30/23 00:03:04
2.7922000000000002,0.9467000000000002,37136000,37153000,2023-03-05/30/23 00:03:05
2.7793,1.4845000000000002,37134000,37153000,2023-03-05/30/23 00:03:06
2.7793,1.4845000000000002,37134000,37153000,2023-03-05/30/23 00:03:07
2.7793,1.4845000000000002,37134000,37153000,2023-03-05/30/23 00:03:08
2.8249999999999997,1.5490999999999997,37134000,37153000,2023-03-05/30/23 00:03:09
2.8249999999999997,1.5490999999999997,37134000,37153000,2023-03-05/30/23 00:03:10
2.8249999999999997,1.5902999999999998,37134000,37159000,2023-03-05/30/23 00:03:11
2.3364999999999996,1.0551,37136000,37159000,2023-03-05/30/23 00:03:12
2.3364999999999996,1.0551,37136000,37159000,2023-03-05/30/23 00:03:13
2.2869,1.5901999999999996,37138000,37159000,2023-03-05/30/23 00:03:14
2.2869,1.5901999999999996,37138000,37159000,2023-03-05/30/23 00:03:15
2.7696,1.0563,37138000,37159000,2023-03-05/30/23 00:03:16
2.8057,0.9582,37136000,37159000,2023-03-05/30/23 00:03:17
2.8057,0.9582,37136000,37159000,2023-03-05/30/23 00:03:18
2.8057,0.9582,37136000,37159000,2023-03-05/30/23 00:03:19
2.8056,0.8936000000000001,37136000,37159000,2023-03-05/30/23 00:03:20
2.8056,0.8936000000000001,37136000,37159000,2023-03-05/30/23 00:03:21
2.8056,0.8936000000000001,37136000,37159000,2023-03-05/30/23 00:03:22
2.3175,0.37110000000000004,37136000,37159000,2023-03-05/30/23 00:03:23
2.8056,0.37110000000000004,37136000,37159000,2023-03-05/30/23 00:03:24
2.8056,0.37110000000000004,37136000,37159000,2023-03-05/30/23 00:03:25
2.8246,0.8942000000000001,37136000,37159000,2023-03-05/30/23 00:03:26
2.8246,0.8942000000000001,37136000,37159000,2023-03-05/30/23 00:03:27
2.8246,0.8942000000000001,37136000,37159000,2023-03-05/30/23 00:03:28
2.9991999999999996,0.8942000000000001,37140000,37159000,2023-03-05/30/23 00:03:29
2.9991999999999996,0.8942000000000001,37140000,37159000,2023-03-05/30/23 00:03:30
2.7424999999999997,0.8942000000000001,37140000,37159000,2023-03-05/30/23 00:03:31
2.7424999999999997,0.8942000000000001,37140000,37159000,2023-03-05/30/23 00:03:32
2.7424999999999997,0.9608000000000001,37140000,37159000,2023-03-05/30/23 00:03:33
2.7424999999999997,0.9608000000000001,37140000,37159000,2023-03-05/30/23 00:03:34
2.8919999999999995,0.9607000000000001,37141000,37159000,2023-03-05/30/23 00:03:35
2.8919999999999995,0.9607000000000001,37141000,37159000,2023-03-05/30/23 00:03:36
3.3754999999999993,0.9607000000000001,37141000,37159000,2023-03-05/30/23 00:03:37
3.3754999999999993,0.9607000000000001,37141000,37159000,2023-03-05/30/23 00:03:38
3.3754999999999993,0.9607000000000001,37141000,37159000,2023-03-05/30/23 00:03:39
1.2245999999999997,0.9607000000000001,37141000,37159000,2023-03-05/30/23 00:03:40
1.2245999999999997,0.9607000000000001,37141000,37159000,2023-03-05/30/23 00:03:41
1.2245999999999997,0.9607000000000001,37141000,37159000,2023-03-05/30/23 00:03:42
1.2245999999999997,0.9607000000000001,37141000,37159000,2023-03-05/30/23 00:03:43
1.2245999999999997,0.9607000000000001,37141000,37159000,2023-03-05/30/23 00:03:44
2.2710999999999997,0.9607000000000001,37143000,37159000,2023-03-05/30/23 00:03:45
3.2881999999999993,0.9607000000000001,37145000,37159000,2023-03-05/30/23 00:03:46
2.7788999999999993,0.9607000000000001,37145000,37159000,2023-03-05/30/23 00:03:47
2.7788999999999993,0.9607000000000001,37145000,37159000,2023-03-05/30/23 00:03:48
2.7788999999999993,1.0483,37145000,37159000,2023-03-05/30/23 00:03:49
3.2881999999999993,1.0994000000000002,37145000,37159000,2023-03-05/30/23 00:03:50
2.715,1.041,37145000,37161000,2023-03-05/30/23 00:03:51
2.7441,1.4716999999999998,37145000,37161000,2023-03-05/30/23 00:03:52
2.7441,1.4716999999999998,37145000,37161000,2023-03-05/30/23 00:03:53
3.2336,1.4218,37145000,37161000,2023-03-05/30/23 00:03:54
3.2336,1.4218,37145000,37161000,2023-03-05/30/23 00:03:55
3.2336,1.4218,37145000,37161000,2023-03-05/30/23 00:03:56
3.2336,0.9859999999999999,37145000,37163000,2023-03-05/30/23 00:03:57
3.2336,1.4985,37145000,37163000,2023-03-05/30/23 00:03:58
3.2336,1.4985,37145000,37163000,2023-03-05/30/23 00:03:59
3.2336,1.4914,37145000,37163000,2023-04-05/30/23 00:04:00
3.2336,1.5991999999999997,37145000,37165000,2023-04-05/30/23 00:04:01
2.1788,1.5977,37155000,37165000,2023-04-05/30/23 00:04:02
2.6546,1.5977,37155000,37165000,2023-04-05/30/23 00:04:03
3.1441,1.4995999999999998,37155000,37165000,2023-04-05/30/23 00:04:04
3.0866,1.4995999999999998,37155000,37165000,2023-04-05/30/23 00:04:05
3.0866,1.4995999999999998,37155000,37165000,2023-04-05/30/23 00:04:06
2.9913999999999996,1.4995999999999998,37155000,37165000,2023-04-05/30/23 00:04:07
3.0105999999999997,0.8931999999999999,37155000,37165000,2023-04-05/30/23 00:04:08
2.9679999999999995,0.4874,37155000,37166000,2023-04-05/30/23 00:04:09
3.0207999999999995,0.43089999999999995,37155000,37169000,2023-04-05/30/23 00:04:10
3.0207999999999995,0.43089999999999995,37155000,37169000,2023-04-05/30/23 00:04:11
3.0926999999999993,1.6289,37155000,37169000,2023-04-05/30/23 00:04:12
3.0926999999999993,0.34639999999999993,37155000,37170000,2023-04-05/30/23 00:04:13
3.0404999999999993,0.8834,37155000,37170000,2023-04-05/30/23 00:04:14
3.0404999999999993,0.9219999999999999,37155000,37170000,2023-04-05/30/23 00:04:15
3.0404999999999993,0.9228,37155000,37170000,2023-04-05/30/23 00:04:16
3.0309999999999993,1.5674,37155000,37170000,2023-04-05/30/23 00:04:17
3.0118999999999994,1.5862999999999998,37155000,37170000,2023-04-05/30/23 00:04:18
3.0118999999999994,1.5862999999999998,37155000,37170000,2023-04-05/30/23 00:04:19
3.0118999999999994,1.5862999999999998,37155000,37170000,2023-04-05/30/23 00:04:20
3.0316999999999994,1.5862999999999998,37155000,37170000,2023-04-05/30/23 00:04:21
3.0316999999999994,1.0831,37155000,37170000,2023-04-05/30/23 00:04:22
2.7264999999999997,1.7112999999999998,37155000,37168000,2023-04-05/30/23 00:04:23
1.5468,1.7263,37145000,37166000,2023-04-05/30/23 00:04:24
2.0368,1.1886999999999999,37145000,37166000,2023-04-05/30/23 00:04:25
2.0368,1.7074999999999998,37145000,37164000,2023-04-05/30/23 00:04:26
0.8016,1.5766999999999998,37145000,37159000,2023-04-05/30/23 00:04:27
0.8016,1.5766999999999998,37145000,37159000,2023-04-05/30/23 00:04:28
0.8016,1.5766999999999998,37145000,37159000,2023-04-05/30/23 00:04:29
0.8016,1.5962,37145000,37159000,2023-04-05/30/23 00:04:30
0.8016,1.5773,37145000,37159000,2023-04-05/30/23 00:04:31
0.7313000000000001,1.5773,37145000,37159000,2023-04-05/30/23 00:04:32
0.7313000000000001,1.5773,37145000,37159000,2023-04-05/30/23 00:04:33
0.6961,1.1141,37145000,37154000,2023-04-05/30/23 00:04:34
0.6961,1.1141,37145000,37154000,2023-04-05/30/23 00:04:35
4.4893,1.0332999999999999,37145000,37159000,2023-04-05/30/23 00:04:36
4.4893,1.0332999999999999,37145000,37159000,2023-04-05/30/23 00:04:37
4.4893,2.6697999999999995,37145000,37159000,2023-04-05/30/23 00:04:38
4.4893,2.6830999999999996,37145000,37159000,2023-04-05/30/23 00:04:39
4.4893,2.6830999999999996,37145000,37159000,2023-04-05/30/23 00:04:40
4.5306,2.0604999999999998,37145000,37159000,2023-04-05/30/23 00:04:41
4.5306,2.0604999999999998,37145000,37159000,2023-04-05/30/23 00:04:42
4.559,2.7817999999999996,37145000,37160000,2023-04-05/30/23 00:04:43
3.0395,2.8072999999999997,37147000,37167000,2023-04-05/30/23 00:04:44
3.0395,2.8072999999999997,37147000,37167000,2023-04-05/30/23 00:04:45
3.0395,2.6617999999999995,37147000,37167000,2023-04-05/30/23 00:04:46
3.0152999999999994,2.6617999999999995,37147000,37167000,2023-04-05/30/23 00:04:47
3.0152999999999994,2.6617999999999995,37147000,37167000,2023-04-05/30/23 00:04:48
3.0152999999999994,1.6871999999999996,37147000,37168000,2023-04-05/30/23 00:04:49
3.0152999999999994,1.7616999999999998,37147000,37168000,2023-04-05/30/23 00:04:50
3.0152999999999994,1.1204,37147000,37168000,2023-04-05/30/23 00:04:51
2.4777,1.6869999999999996,37151000,37168000,2023-04-05/30/23 00:04:52
3.0153,1.6869999999999996,37151000,37168000,2023-04-05/30/23 00:04:53
3.0153,1.6869999999999996,37151000,37168000,2023-04-05/30/23 00:04:54
4.097999999999999,1.7031999999999998,37160000,37168000,2023-04-05/30/23 00:04:55
4.5875,1.2977999999999998,37151000,37159000,2023-04-05/30/23 00:04:56
4.5875,1.2977999999999998,37151000,37159000,2023-04-05/30/23 00:04:57
4.6357,1.2,37151000,37165000,2023-04-05/30/23 00:04:58
4.6357,1.2,37151000,37165000,2023-04-05/30/23 00:04:59
4.6065000000000005,1.7376999999999998,37151000,37165000,2023-05-05/30/23 00:05:00
4.6065000000000005,1.7376999999999998,37151000,37165000,2023-05-05/30/23 00:05:01
4.6065000000000005,1.7376999999999998,37151000,37165000,2023-05-05/30/23 00:05:02
4.6065000000000005,1.7376999999999998,37151000,37165000,2023-05-05/30/23 00:05:03
4.6065000000000005,1.5920999999999998,37151000,37165000,2023-05-05/30/23 00:05:04
4.6065000000000005,1.2,37151000,37165000,2023-05-05/30/23 00:05:05
4.6065000000000005,0.5805,37151000,37165000,2023-05-05/30/23 00:05:06
4.6065000000000005,1.1154,37151000,37165000,2023-05-05/30/23 00:05:07
4.6065000000000005,1.1154,37151000,37165000,2023-05-05/30/23 00:05:08
4.6065000000000005,1.1154,37151000,37165000,2023-05-05/30/23 00:05:09
4.6065000000000005,1.1154,37151000,37165000,2023-05-05/30/23 00:05:10
4.6357,1.5920999999999998,37151000,37165000,2023-05-05/30/23 00:05:11
4.6357,1.5936999999999997,37151000,37165000,2023-05-05/30/23 00:05:12
4.6357,1.5936999999999997,37151000,37165000,2023-05-05/30/23 00:05:13
4.6357,1.5936999999999997,37151000,37165000,2023-05-05/30/23 00:05:14
4.6357,2.0745,37151000,37165000,2023-05-05/30/23 00:05:15
4.6357,2.0745,37151000,37165000,2023-05-05/30/23 00:05:16
3.0317,2.0745,37151000,37165000,2023-05-05/30/23 00:05:17
3.0317,2.0745,37151000,37165000,2023-05-05/30/23 00:05:18
3.0317,1.5940999999999999,37151000,37165000,2023-05-05/30/23 00:05:19
3.0317,1.5940999999999999,37151000,37165000,2023-05-05/30/23 00:05:20
3.0317,1.5940999999999999,37151000,37165000,2023-05-05/30/23 00:05:21
3.0317,1.5940999999999999,37151000,37165000,2023-05-05/30/23 00:05:22
3.0317,1.5940999999999999,37151000,37165000,2023-05-05/30/23 00:05:23
3.0317,1.5940999999999999,37151000,37165000,2023-05-05/30/23 00:05:24
3.0317,1.5940999999999999,37151000,37165000,2023-05-05/30/23 00:05:25
3.0317,1.5940999999999999,37151000,37165000,2023-05-05/30/23 00:05:26
3.0317,1.5940999999999999,37151000,37165000,2023-05-05/30/23 00:05:27
3.0317,1.5940999999999999,37151000,37165000,2023-05-05/30/23 00:05:28
3.0317,1.5940999999999999,37151000,37165000,2023-05-05/30/23 00:05:29
3.0317,1.5940999999999999,37151000,37165000,2023-05-05/30/23 00:05:30
3.0317,1.5940999999999999,37151000,37165000,2023-05-05/30/23 00:05:31
3.0317,1.5940999999999999,37151000,37165000,2023-05-05/30/23 00:05:32
3.0317,1.5940999999999999,37151000,37165000,2023-05-05/30/23 00:05:33
3.0317,1.5940999999999999,37151000,37165000,2023-05-05/30/23 00:05:34
3.0317,1.5940999999999999,37151000,37165000,2023-05-05/30/23 00:05:35
3.0117000000000003,1.5940999999999999,37151000,37165000,2023-05-05/30/23 00:05:36
3.0117000000000003,2.6136,37151000,37165000,2023-05-05/30/23 00:05:37
3.0117000000000003,2.6136,37151000,37165000,2023-05-05/30/23 00:05:38
3.0117000000000003,2.6136,37151000,37165000,2023-05-05/30/23 00:05:39
3.0117000000000003,2.0745,37151000,37165000,2023-05-05/30/23 00:05:40
3.0117000000000003,1.6824,37151000,37165000,2023-05-05/30/23 00:05:41
2.9733,2.0744,37151000,37165000,2023-05-05/30/23 00:05:42
2.9733,2.0744,37151000,37165000,2023-05-05/30/23 00:05:43
2.9449,2.6969999999999996,37151000,37165000,2023-05-05/30/23 00:05:44
2.9449,2.6969999999999996,37151000,37165000,2023-05-05/30/23 00:05:45
2.9449,2.6969999999999996,37151000,37165000,2023-05-05/30/23 00:05:46
2.9096,2.6969999999999996,37151000,37165000,2023-05-05/30/23 00:05:47
2.9096,2.8178,37151000,37170000,2023-05-05/30/23 00:05:48
2.91,2.7661,37151000,37169000,2023-05-05/30/23 00:05:49
2.9553,2.7661,37153000,37169000,2023-05-05/30/23 00:05:50
2.9553,3.3872,37153000,37169000,2023-05-05/30/23 00:05:51
2.4659999999999997,2.7661,37153000,37169000,2023-05-05/30/23 00:05:52
2.4419,2.7661,37153000,37169000,2023-05-05/30/23 00:05:53
2.9794,2.7861,37153000,37169000,2023-05-05/30/23 00:05:54
2.4507,2.7861,37151000,37169000,2023-05-05/30/23 00:05:55
2.9816,2.8554,37151000,37169000,2023-05-05/30/23 00:05:56
2.9800999999999997,2.8554,37151000,37169000,2023-05-05/30/23 00:05:57
2.892,2.8554,37151000,37169000,2023-05-05/30/23 00:05:58
0.8303999999999999,2.7860999999999994,37147000,37169000,2023-05-05/30/23 00:05:59
0.8303999999999999,2.7860999999999994,37147000,37169000,2023-06-05/30/23 00:06:00
2.9588,2.7756,37150000,37167000,2023-06-05/30/23 00:06:01
2.9872,2.7756,37150000,37167000,2023-06-05/30/23 00:06:02
2.9857,2.7661,37150000,37169000,2023-06-05/30/23 00:06:03
2.9857,2.7661,37150000,37169000,2023-06-05/30/23 00:06:04
2.9766000000000004,2.7859,37150000,37169000,2023-06-05/30/23 00:06:05
2.9766000000000004,2.7859,37150000,37169000,2023-06-05/30/23 00:06:06
2.9766000000000004,2.7859,37150000,37169000,2023-06-05/30/23 00:06:07
2.9766000000000004,2.7859,37150000,37169000,2023-06-05/30/23 00:06:08
2.9766000000000004,3.8888999999999996,37150000,37169000,2023-06-05/30/23 00:06:09
2.9766000000000004,3.8888999999999996,37150000,37169000,2023-06-05/30/23 00:06:10
2.9672,3.8888999999999996,37150000,37169000,2023-06-05/30/23 00:06:11
2.9762,3.8888999999999996,37150000,37169000,2023-06-05/30/23 00:06:12
2.9762,3.8888999999999996,37150000,37169000,2023-06-05/30/23 00:06:13
2.9762,3.8888999999999996,37150000,37169000,2023-06-05/30/23 00:06:14
2.9762,2.7859,37150000,37169000,2023-06-05/30/23 00:06:15
2.9762,2.1633,37150000,37169000,2023-06-05/30/23 00:06:16
2.9762,2.1633,37150000,37169000,2023-06-05/30/23 00:06:17
2.9762,2.1633,37150000,37169000,2023-06-05/30/23 00:06:18
2.9762,2.1633,37150000,37169000,2023-06-05/30/23 00:06:19
2.9762,2.7858,37150000,37169000,2023-06-05/30/23 00:06:20
2.9762,2.7858,37150000,37169000,2023-06-05/30/23 00:06:21
2.9762,2.7858,37150000,37169000,2023-06-05/30/23 00:06:22
2.9762,2.855,37150000,37169000,2023-06-05/30/23 00:06:23
2.9762,2.855,37150000,37169000,2023-06-05/30/23 00:06:24
2.9762,2.855,37150000,37169000,2023-06-05/30/23 00:06:25
2.9762,2.855,37150000,37169000,2023-06-05/30/23 00:06:26
2.9762,2.855,37150000,37169000,2023-06-05/30/23 00:06:27
2.9762,2.855,37150000,37169000,2023-06-05/30/23 00:06:28
3.0050000000000003,3.8648999999999996,37152000,37170000,2023-06-05/30/23 00:06:29
3.0050000000000003,3.8648999999999996,37152000,37170000,2023-06-05/30/23 00:06:30
3.0050000000000003,3.8648999999999996,37152000,37170000,2023-06-05/30/23 00:06:31
3.0050000000000003,3.3274,37152000,37170000,2023-06-05/30/23 00:06:32
3.0050000000000003,2.7619,37152000,37170000,2023-06-05/30/23 00:06:33
3.0050000000000003,2.2479,37152000,37170000,2023-06-05/30/23 00:06:34
3.0050000000000003,2.2479,37152000,37170000,2023-06-05/30/23 00:06:35
3.0050000000000003,2.7843,37152000,37170000,2023-06-05/30/23 00:06:36
3.0050000000000003,2.7843,37152000,37170000,2023-06-05/30/23 00:06:37
3.0050000000000003,2.7843,37152000,37170000,2023-06-05/30/23 00:06:38
3.0050000000000003,2.7843,37152000,37170000,2023-06-05/30/23 00:06:39
3.0050000000000003,2.6662,37152000,37169000,2023-06-05/30/23 00:06:40
3.0050000000000003,2.8118,37152000,37169000,2023-06-05/30/23 00:06:41
3.0050000000000003,2.8118,37152000,37169000,2023-06-05/30/23 00:06:42
1.3971999999999998,2.1687,37154000,37169000,2023-06-05/30/23 00:06:43
1.3971999999999998,2.1687000000000003,37154000,37169000,2023-06-05/30/23 00:06:44
1.4447999999999999,2.1137,37154000,37169000,2023-06-05/30/23 00:06:45
2.5512,2.1404,37156000,37169000,2023-06-05/30/23 00:06:46
2.5512,2.2048,37156000,37169000,2023-06-05/30/23 00:06:47
2.511,2.6907,37157000,37169000,2023-06-05/30/23 00:06:48
2.4905999999999997,2.6907,37157000,37169000,2023-06-05/30/23 00:06:49
2.4905999999999997,2.6907,37157000,37169000,2023-06-05/30/23 00:06:50
2.4905999999999997,2.6907,37157000,37169000,2023-06-05/30/23 00:06:51
2.5308,1.6433000000000002,37156000,37169000,2023-06-05/30/23 00:06:52
2.5308,1.6433000000000002,37156000,37169000,2023-06-05/30/23 00:06:53
2.4905999999999997,1.5881999999999998,37156000,37169000,2023-06-05/30/23 00:06:54
2.4905999999999997,1.5881999999999998,37156000,37169000,2023-06-05/30/23 00:06:55
2.4476,1.5881999999999998,37156000,37169000,2023-06-05/30/23 00:06:56
2.4476,1.5881999999999998,37156000,37169000,2023-06-05/30/23 00:06:57
2.4476,1.6075,37156000,37169000,2023-06-05/30/23 00:06:58
2.4476,1.5881999999999998,37156000,37169000,2023-06-05/30/23 00:06:59
2.4476,1.6088,37156000,37169000,2023-07-05/30/23 00:07:00
2.4476,1.6088,37156000,37169000,2023-07-05/30/23 00:07:01
2.4476,1.5929,37156000,37169000,2023-07-05/30/23 00:07:02
2.4476,1.5929,37156000,37169000,2023-07-05/30/23 00:07:03
2.443,1.6118000000000001,37156000,37169000,2023-07-05/30/23 00:07:04
2.443,1.6118000000000001,37156000,37169000,2023-07-05/30/23 00:07:05
0.9035000000000001,1.6118000000000001,37156000,37169000,2023-07-05/30/23 00:07:06
0.9035000000000001,1.6118000000000001,37156000,37169000,2023-07-05/30/23 00:07:07
0.9035000000000001,1.6118000000000001,37156000,37169000,2023-07-05/30/23 00:07:08
0.9035000000000001,1.6118000000000001,37156000,37169000,2023-07-05/30/23 00:07:09
0.9035000000000001,1.6118000000000001,37156000,37169000,2023-07-05/30/23 00:07:10
0.9035000000000001,1.6118000000000001,37156000,37169000,2023-07-05/30/23 00:07:11
3.0905000000000005,1.0354,37156000,37169000,2023-07-05/30/23 00:07:12
3.0905000000000005,1.0354,37156000,37169000,2023-07-05/30/23 00:07:13
3.0905000000000005,1.0354,37156000,37169000,2023-07-05/30/23 00:07:14
3.0905000000000005,1.0354,37156000,37169000,2023-07-05/30/23 00:07:15
3.0769,1.0857,37155000,37169000,2023-07-05/30/23 00:07:16
3.0954,1.0857,37155000,37169000,2023-07-05/30/23 00:07:17
3.0056000000000007,1.0857,37155000,37169000,2023-07-05/30/23 00:07:18
2.9563000000000006,1.0857,37155000,37169000,2023-07-05/30/23 00:07:19
2.9563000000000006,1.0857,37155000,37169000,2023-07-05/30/23 00:07:20
2.9563000000000006,1.5471,37155000,37169000,2023-07-05/30/23 00:07:21
2.9563000000000006,1.5471,37155000,37169000,2023-07-05/30/23 00:07:22
2.9078,1.1551,37155000,37169000,2023-07-05/30/23 00:07:23
2.9121000000000006,1.5430000000000001,37155000,37168000,2023-07-05/30/23 00:07:24
3.0504000000000007,1.1511,37155000,37169000,2023-07-05/30/23 00:07:25
3.0504000000000007,1.6885,37155000,37169000,2023-07-05/30/23 00:07:26
3.0996000000000006,0.5469,37155000,37169000,2023-07-05/30/23 00:07:27
3.0996000000000006,0.5469,37155000,37169000,2023-07-05/30/23 00:07:28
3.0996000000000006,1.6885,37155000,37169000,2023-07-05/30/23 00:07:29
3.0996000000000006,1.6885,37155000,37169000,2023-07-05/30/23 00:07:30
3.0996000000000006,1.5469,37155000,37169000,2023-07-05/30/23 00:07:31
3.2380000000000004,1.5469,37156000,37169000,2023-07-05/30/23 00:07:32
3.2380000000000004,1.5469,37156000,37169000,2023-07-05/30/23 00:07:33
1.0769,0.9400000000000001,37156000,37169000,2023-07-05/30/23 00:07:34
1.0769,0.9400000000000001,37156000,37169000,2023-07-05/30/23 00:07:35
1.0769,1.5469,37156000,37169000,2023-07-05/30/23 00:07:36
1.0243,1.0095,37156000,37169000,2023-07-05/30/23 00:07:37
1.0243,1.6367999999999998,37156000,37170000,2023-07-05/30/23 00:07:38
1.0243,1.6367999999999998,37156000,37170000,2023-07-05/30/23 00:07:39
3.2303000000000006,1.6367999999999998,37156000,37170000,2023-07-05/30/23 00:07:40
3.1858000000000004,1.7823,37156000,37170000,2023-07-05/30/23 00:07:41
3.1858000000000004,1.1781,37156000,37170000,2023-07-05/30/23 00:07:42
3.1858000000000004,1.1781,37156000,37170000,2023-07-05/30/23 00:07:43
3.1858000000000004,1.1781,37156000,37170000,2023-07-05/30/23 00:07:44
3.1858000000000004,1.655,37156000,37168000,2023-07-05/30/23 00:07:45
3.1858000000000004,1.655,37156000,37168000,2023-07-05/30/23 00:07:46
3.1858000000000004,1.655,37156000,37168000,2023-07-05/30/23 00:07:47
3.1858000000000004,1.116,37156000,37168000,2023-07-05/30/23 00:07:48
3.1858000000000004,1.0465,37156000,37168000,2023-07-05/30/23 00:07:49
3.1858000000000004,1.0465,37156000,37168000,2023-07-05/30/23 00:07:50
3.168,1.6534,37156000,37168000,2023-07-05/30/23 00:07:51
3.168,1.6534,37156000,37168000,2023-07-05/30/23 00:07:52
3.168,1.6534,37156000,37168000,2023-07-05/30/23 00:07:53
3.168,1.6534,37156000,37168000,2023-07-05/30/23 00:07:54
3.168,1.6534,37156000,37168000,2023-07-05/30/23 00:07:55
3.1917,1.6534,37156000,37168000,2023-07-05/30/23 00:07:56
3.1917,1.6534,37156000,37168000,2023-07-05/30/23 00:07:57
3.1917,1.6534,37156000,37168000,2023-07-05/30/23 00:07:58
3.1917,1.6534,37156000,37168000,2023-07-05/30/23 00:07:59
3.1917,1.6534,37156000,37168000,2023-08-05/30/23 00:08:00
3.1633,1.7757,37156000,37170000,2023-08-05/30/23 00:08:01
3.1633,1.7757,37156000,37170000,2023-08-05/30/23 00:08:02
3.1633,1.7757,37156000,37170000,2023-08-05/30/23 00:08:03
3.1633,1.7757,37156000,37170000,2023-08-05/30/23 00:08:04
3.1633,1.7757,37156000,37170000,2023-08-05/30/23 00:08:05
3.1633,1.7757,37156000,37170000,2023-08-05/30/23 00:08:06
2.630500000000001,1.7583,37156000,37170000,2023-08-05/30/23 00:08:07
2.630500000000001,1.7583,37156000,37170000,2023-08-05/30/23 00:08:08
2.630500000000001,1.7583,37156000,37170000,2023-08-05/30/23 00:08:09
2.7010000000000005,1.1515999999999997,37163000,37170000,2023-08-05/30/23 00:08:10
2.630500000000001,1.2072,37156000,37170000,2023-08-05/30/23 00:08:11
2.630500000000001,1.8501000000000003,37156000,37170000,2023-08-05/30/23 00:08:12
2.630500000000001,1.8501000000000003,37156000,37170000,2023-08-05/30/23 00:08:13
2.6246000000000005,1.8501000000000003,37156000,37170000,2023-08-05/30/23 00:08:14
2.6246000000000005,1.8501000000000003,37156000,37170000,2023-08-05/30/23 00:08:15
2.6466000000000007,1.2432,37156000,37170000,2023-08-05/30/23 00:08:16
2.605700000000001,2.2706,37156000,37170000,2023-08-05/30/23 00:08:17
2.605700000000001,2.2706,37156000,37170000,2023-08-05/30/23 00:08:18
3.1428000000000007,2.3262,37156000,37170000,2023-08-05/30/23 00:08:19
3.1428000000000007,2.9333,37156000,37170000,2023-08-05/30/23 00:08:20
2.6093000000000006,1.8501000000000003,37158000,37170000,2023-08-05/30/23 00:08:21
2.6093000000000006,1.8302999999999998,37158000,37170000,2023-08-05/30/23 00:08:22
2.6093000000000006,1.8302999999999998,37158000,37170000,2023-08-05/30/23 00:08:23
2.6093000000000006,1.243,37158000,37170000,2023-08-05/30/23 00:08:24
2.6093000000000006,1.243,37158000,37170000,2023-08-05/30/23 00:08:25
2.5947000000000005,1.7799,37158000,37170000,2023-08-05/30/23 00:08:26
2.5947000000000005,1.7799,37158000,37170000,2023-08-05/30/23 00:08:27
2.5947000000000005,1.7799,37158000,37170000,2023-08-05/30/23 00:08:28
2.605400000000001,1.7799,37156000,37170000,2023-08-05/30/23 00:08:29
2.605400000000001,1.7282,37156000,37170000,2023-08-05/30/23 00:08:30
2.605400000000001,2.8312,37156000,37170000,2023-08-05/30/23 00:08:31
2.605400000000001,2.2938,37156000,37170000,2023-08-05/30/23 00:08:32
2.605400000000001,2.2938,37156000,37170000,2023-08-05/30/23 00:08:33
2.6381000000000006,1.2153000000000003,37158000,37170000,2023-08-05/30/23 00:08:34
2.6381000000000006,1.2153000000000003,37158000,37170000,2023-08-05/30/23 00:08:35
3.1711000000000005,1.1499000000000001,37158000,37163000,2023-08-05/30/23 00:08:36
3.1901000000000006,1.1499000000000001,37158000,37163000,2023-08-05/30/23 00:08:37
3.1901000000000006,1.1499000000000001,37158000,37163000,2023-08-05/30/23 00:08:38
3.1901000000000006,1.1499000000000001,37158000,37163000,2023-08-05/30/23 00:08:39
3.1901000000000006,1.1499000000000001,37158000,37163000,2023-08-05/30/23 00:08:40
3.1901000000000006,1.1499000000000001,37158000,37163000,2023-08-05/30/23 00:08:41
3.1901000000000006,1.1499000000000001,37158000,37163000,2023-08-05/30/23 00:08:42
3.1901000000000006,1.4149,37158000,37163000,2023-08-05/30/23 00:08:43
3.1909,0.8559,37160000,37163000,2023-08-05/30/23 00:08:44
3.1909,0.8559,37160000,37163000,2023-08-05/30/23 00:08:45
3.2633,0.8542000000000001,37165000,37170000,2023-08-05/30/23 00:08:46
3.2633,0.8542000000000001,37165000,37170000,2023-08-05/30/23 00:08:47
3.2633,0.8542000000000001,37165000,37170000,2023-08-05/30/23 00:08:48
3.2633,0.8542000000000001,37165000,37170000,2023-08-05/30/23 00:08:49
3.1414999999999997,0.8542000000000001,37160000,37170000,2023-08-05/30/23 00:08:50
3.1414999999999997,0.8542000000000001,37160000,37170000,2023-08-05/30/23 00:08:51
3.0782,0.8542000000000001,37163000,37170000,2023-08-05/30/23 00:08:52
3.0782,0.8542000000000001,37163000,37170000,2023-08-05/30/23 00:08:53
3.0782,0.8542000000000001,37163000,37170000,2023-08-05/30/23 00:08:54
3.0782,0.8731000000000001,37163000,37170000,2023-08-05/30/23 00:08:55
3.0782,0.8450000000000001,37163000,37170000,2023-08-05/30/23 00:08:56
3.0782,0.8450000000000001,37163000,37170000,2023-08-05/30/23 00:08:57
3.0556,0.8450000000000001,37163000,37170000,2023-08-05/30/23 00:08:58
3.0556,0.8450000000000001,37163000,37170000,2023-08-05/30/23 00:08:59
3.0556,0.8450000000000001,37163000,37170000,2023-09-05/30/23 00:09:00
3.0556,1.4512,37163000,37170000,2023-09-05/30/23 00:09:01
3.1088000000000005,0.8482000000000001,37164000,37170000,2023-09-05/30/23 00:09:02
2.5031,1.3847,37158000,37170000,2023-09-05/30/23 00:09:03
1.4002000000000001,1.4907,37158000,37169000,2023-09-05/30/23 00:09:04
2.4556,2.0405,37158000,37169000,2023-09-05/30/23 00:09:05
2.4556,2.0405,37158000,37169000,2023-09-05/30/23 00:09:06
2.4656000000000002,1.8949999999999996,37158000,37167000,2023-09-05/30/23 00:09:07
2.4656000000000002,1.8949999999999996,37158000,37167000,2023-09-05/30/23 00:09:08
2.4656000000000002,1.8949999999999996,37158000,37167000,2023-09-05/30/23 00:09:09
2.4656000000000002,1.4167999999999996,37158000,37169000,2023-09-05/30/23 00:09:10
2.4656000000000002,1.4167999999999996,37158000,37169000,2023-09-05/30/23 00:09:11
2.4656000000000002,1.4370999999999998,37158000,37169000,2023-09-05/30/23 00:09:12
2.5431,1.4343999999999997,37158000,37169000,2023-09-05/30/23 00:09:13
2.5431,1.8937999999999997,37158000,37169000,2023-09-05/30/23 00:09:14
2.5294,1.8937999999999997,37158000,37169000,2023-09-05/30/23 00:09:15
2.5294,2.0393,37158000,37169000,2023-09-05/30/23 00:09:16
2.5484,2.0393,37158000,37169000,2023-09-05/30/23 00:09:17
2.5484,2.0393,37158000,37169000,2023-09-05/30/23 00:09:18
2.5484,2.0393,37158000,37169000,2023-09-05/30/23 00:09:19
2.5484,1.502,37158000,37169000,2023-09-05/30/23 00:09:20
2.5484,1.502,37158000,37169000,2023-09-05/30/23 00:09:21
2.5484,1.8937999999999997,37158000,37169000,2023-09-05/30/23 00:09:22
2.5484,2.3891,37158000,37169000,2023-09-05/30/23 00:09:23
2.5484,2.3891,37158000,37169000,2023-09-05/30/23 00:09:24
2.5295,2.3891,37158000,37169000,2023-09-05/30/23 00:09:25
2.5887000000000002,2.3852,37158000,37169000,2023-09-05/30/23 00:09:26
2.5336999999999996,2.3852,37158000,37169000,2023-09-05/30/23 00:09:27
2.5336999999999996,2.3852,37158000,37169000,2023-09-05/30/23 00:09:28
2.5336999999999996,2.3852,37158000,37169000,2023-09-05/30/23 00:09:29
2.5336999999999996,2.3852,37158000,37169000,2023-09-05/30/23 00:09:30
2.5621,0.9093,37158000,37170000,2023-09-05/30/23 00:09:31
2.5621,0.9093,37158000,37170000,2023-09-05/30/23 00:09:32
1.5273,0.8774,37158000,37170000,2023-09-05/30/23 00:09:33
1.5273,1.4147,37158000,37170000,2023-09-05/30/23 00:09:34
1.5273,1.4147,37158000,37170000,2023-09-05/30/23 00:09:35
2.0646,1.4288999999999998,37158000,37170000,2023-09-05/30/23 00:09:36
2.0646,1.4450999999999998,37158000,37170000,2023-09-05/30/23 00:09:37
2.0646,1.3658,37158000,37170000,2023-09-05/30/23 00:09:38
2.0646,1.3658,37158000,37170000,2023-09-05/30/23 00:09:39
2.0627999999999997,1.3776,37158000,37170000,2023-09-05/30/23 00:09:40
2.0627999999999997,1.3776,37158000,37170000,2023-09-05/30/23 00:09:41
2.0627999999999997,1.3776,37158000,37170000,2023-09-05/30/23 00:09:42
2.0627999999999997,1.3956,37158000,37170000,2023-09-05/30/23 00:09:43
2.0627999999999997,1.3956,37158000,37170000,2023-09-05/30/23 00:09:44
2.0627999999999997,2.4429999999999996,37158000,37170000,2023-09-05/30/23 00:09:45
2.0627999999999997,2.4429999999999996,37158000,37170000,2023-09-05/30/23 00:09:46
2.0627999999999997,2.4429999999999996,37158000,37170000,2023-09-05/30/23 00:09:47
2.0627999999999997,2.4367,37158000,37170000,2023-09-05/30/23 00:09:48
2.0627999999999997,2.4367,37158000,37170000,2023-09-05/30/23 00:09:49
2.0627999999999997,2.4367,37158000,37170000,2023-09-05/30/23 00:09:50
2.0627999999999997,2.3670999999999998,37158000,37170000,2023-09-05/30/23 00:09:51
2.0627999999999997,2.4367,37158000,37170000,2023-09-05/30/23 00:09:52
2.0627999999999997,2.4367,37158000,37170000,2023-09-05/30/23 00:09:53
2.0627999999999997,1.3893,37158000,37170000,2023-09-05/30/23 00:09:54
2.0627999999999997,1.3893,37158000,37170000,2023-09-05/30/23 00:09:55
2.0627999999999997,1.3893,37158000,37170000,2023-09-05/30/23 00:09:56
2.0627999999999997,1.3893,37158000,37170000,2023-09-05/30/23 00:09:57
2.0627999999999997,1.3893,37158000,37170000,2023-09-05/30/23 00:09:58
2.0627999999999997,1.3893,37158000,37170000,2023-09-05/30/23 00:09:59
2.0627999999999997,1.3893,37158000,37170000,2023-10-05/30/23 00:10:00
2.0627999999999997,1.3893,37158000,37170000,2023-10-05/30/23 00:10:01
2.0627999999999997,1.3893,37158000,37170000,2023-10-05/30/23 00:10:02
2.0627999999999997,1.3381,37158000,37170000,2023-10-05/30/23 00:10:03
2.0627999999999997,1.3381,37158000,37170000,2023-10-05/30/23 00:10:04
0.9876,2.4411,37158000,37170000,2023-10-05/30/23 00:10:05
0.9876,2.4411,37158000,37170000,2023-10-05/30/23 00:10:06
0.9876,2.4411,37158000,37170000,2023-10-05/30/23 00:10:07
0.9876,2.4411,37158000,37170000,2023-10-05/30/23 00:10:08
0.4299,1.3850999999999998,37158000,37168000,2023-10-05/30/23 00:10:09
0.4299,1.3850999999999998,37158000,37168000,2023-10-05/30/23 00:10:10
0.4299,1.3727999999999998,37158000,37168000,2023-10-05/30/23 00:10:11
0.4299,1.3727999999999998,37158000,37168000,2023-10-05/30/23 00:10:12
0.4299,1.3727999999999998,37158000,37168000,2023-10-05/30/23 00:10:13
0.42990000000000006,1.8304,37158000,37166000,2023-10-05/30/23 00:10:14
0.42990000000000006,1.8304,37158000,37166000,2023-10-05/30/23 00:10:15
0.42990000000000006,1.8304,37158000,37166000,2023-10-05/30/23 00:10:16
0.42990000000000006,2.396,37158000,37166000,2023-10-05/30/23 00:10:17
0.42990000000000006,2.396,37158000,37166000,2023-10-05/30/23 00:10:18
0.42080000000000006,0.7102999999999998,37155000,37156000,2023-10-05/30/23 00:10:19
0.42080000000000006,0.7102999999999998,37155000,37156000,2023-10-05/30/23 00:10:20
0.4927000000000001,1.2280999999999997,37155000,37156000,2023-10-05/30/23 00:10:21
0.4927000000000001,1.8310999999999997,37155000,37156000,2023-10-05/30/23 00:10:22
0.4484,1.8461999999999998,37155000,37156000,2023-10-05/30/23 00:10:23
0.3182999999999999,2.4186999999999994,37146000,37153000,2023-10-05/30/23 00:10:24
0.3182999999999999,2.4737,37146000,37153000,2023-10-05/30/23 00:10:25
0.3182999999999999,2.4737,37146000,37153000,2023-10-05/30/23 00:10:26
0.33790000000000003,2.4518,37146000,37156000,2023-10-05/30/23 00:10:27
0.3176,2.8972999999999995,37146000,37156000,2023-10-05/30/23 00:10:28
1.4492,1.8195999999999997,37146000,37156000,2023-10-05/30/23 00:10:29
1.4492,2.9604,37146000,37156000,2023-10-05/30/23 00:10:30
1.4492,3.0127,37146000,37156000,2023-10-05/30/23 00:10:31
1.4492,3.0127,37146000,37156000,2023-10-05/30/23 00:10:32
1.4492,2.9331,37146000,37156000,2023-10-05/30/23 00:10:33
1.4492,2.9331,37146000,37156000,2023-10-05/30/23 00:10:34
1.4521,2.9511000000000003,37146000,37156000,2023-10-05/30/23 00:10:35
1.4521,2.9511000000000003,37146000,37156000,2023-10-05/30/23 00:10:36
1.4521,2.9511000000000003,37146000,37156000,2023-10-05/30/23 00:10:37
1.4521,2.9422,37146000,37156000,2023-10-05/30/23 00:10:38
1.3863999999999999,2.9469000000000003,37146000,37156000,2023-10-05/30/23 00:10:39
1.3863999999999999,2.9669999999999996,37146000,37156000,2023-10-05/30/23 00:10:40
1.3863999999999999,2.9669999999999996,37146000,37156000,2023-10-05/30/23 00:10:41
1.4244999999999999,2.9322999999999997,37145000,37146000,2023-10-05/30/23 00:10:42
1.4225999999999999,2.8722000000000003,37145000,37146000,2023-10-05/30/23 00:10:43
1.4225999999999999,2.8722000000000003,37145000,37146000,2023-10-05/30/23 00:10:44
1.4239,2.2484,37145000,37146000,2023-10-05/30/23 00:10:45
1.4239,2.2484,37145000,37146000,2023-10-05/30/23 00:10:46
1.4239,2.2484,37145000,37146000,2023-10-05/30/23 00:10:47
1.4239,2.2484,37145000,37146000,2023-10-05/30/23 00:10:48
1.4239,2.2484,37145000,37146000,2023-10-05/30/23 00:10:49
1.4239,2.2484,37145000,37146000,2023-10-05/30/23 00:10:50
1.4239,2.2484,37145000,37146000,2023-10-05/30/23 00:10:51
0.33530000000000004,2.2484,37145000,37146000,2023-10-05/30/23 00:10:52
0.33530000000000004,1.7155,37145000,37146000,2023-10-05/30/23 00:10:53
0.33530000000000004,1.7155,37145000,37146000,2023-10-05/30/23 00:10:54
0.33530000000000004,1.7155,37145000,37146000,2023-10-05/30/23 00:10:55
0.33530000000000004,1.7155,37145000,37146000,2023-10-05/30/23 00:10:56
0.33530000000000004,1.7155,37145000,37146000,2023-10-05/30/23 00:10:57
0.33530000000000004,1.7155,37145000,37146000,2023-10-05/30/23 00:10:58
0.33530000000000004,1.7155,37145000,37146000,2023-10-05/30/23 00:10:59
0.33530000000000004,1.7155,37145000,37146000,2023-11-05/30/23 00:11:00
0.33530000000000004,1.7155,37145000,37146000,2023-11-05/30/23 00:11:01
0.33530000000000004,1.7155,37145000,37146000,2023-11-05/30/23 00:11:02
0.8245,2.3383000000000003,37145000,37146000,2023-11-05/30/23 00:11:03
0.8245,2.3383000000000003,37145000,37146000,2023-11-05/30/23 00:11:04
0.8523000000000001,1.262,37145000,37146000,2023-11-05/30/23 00:11:05
0.8523000000000001,1.262,37145000,37146000,2023-11-05/30/23 00:11:06
0.31770000000000004,0.6391999999999999,37145000,37146000,2023-11-05/30/23 00:11:07
0.31770000000000004,0.6391999999999999,37145000,37146000,2023-11-05/30/23 00:11:08
0.3085,0.6391999999999999,37145000,37146000,2023-11-05/30/23 00:11:09
0.32480000000000003,0.6391999999999999,37145000,37146000,2023-11-05/30/23 00:11:10
0.32480000000000003,0.6391999999999999,37145000,37146000,2023-11-05/30/23 00:11:11
0.32480000000000003,1.2577,37145000,37146000,2023-11-05/30/23 00:11:12
0.32480000000000003,1.2577,37145000,37146000,2023-11-05/30/23 00:11:13
0.32480000000000003,1.2577,37145000,37146000,2023-11-05/30/23 00:11:14
0.32480000000000003,1.2577,37145000,37146000,2023-11-05/30/23 00:11:15
0.32480000000000003,1.2577,37145000,37146000,2023-11-05/30/23 00:11:16
0.32480000000000003,2.3132,37145000,37146000,2023-11-05/30/23 00:11:17
0.32480000000000003,2.3132,37145000,37146000,2023-11-05/30/23 00:11:18
0.32480000000000003,2.3132,37145000,37146000,2023-11-05/30/23 00:11:19
0.8499000000000001,1.9455,37140000,37145000,2023-11-05/30/23 00:11:20
0.8009000000000001,1.9331999999999998,37140000,37145000,2023-11-05/30/23 00:11:21
0.8086000000000001,1.9331999999999998,37140000,37145000,2023-11-05/30/23 00:11:22
0.27699999999999997,1.3933,37140000,37145000,2023-11-05/30/23 00:11:23
0.27699999999999997,1.8038,37140000,37147000,2023-11-05/30/23 00:11:24
0.27699999999999997,2.399,37140000,37147000,2023-11-05/30/23 00:11:25
0.27699999999999997,2.399,37140000,37147000,2023-11-05/30/23 00:11:26
0.27699999999999997,2.399,37140000,37147000,2023-11-05/30/23 00:11:27
0.33429999999999993,2.3704,37140000,37147000,2023-11-05/30/23 00:11:28
0.36849999999999994,1.756,37140000,37147000,2023-11-05/30/23 00:11:29
0.36849999999999994,1.7395999999999998,37140000,37147000,2023-11-05/30/23 00:11:30
0.36849999999999994,1.7395999999999998,37140000,37147000,2023-11-05/30/23 00:11:31
0.9348,1.7395999999999998,37140000,37147000,2023-11-05/30/23 00:11:32
0.9348,1.7395999999999998,37140000,37147000,2023-11-05/30/23 00:11:33
0.36050000000000004,2.354,37140000,37147000,2023-11-05/30/23 00:11:34
0.891,2.354,37140000,37147000,2023-11-05/30/23 00:11:35
0.4052,2.354,37140000,37147000,2023-11-05/30/23 00:11:36
0.8913,2.3254,37140000,37147000,2023-11-05/30/23 00:11:37
0.8913,2.3254,37140000,37147000,2023-11-05/30/23 00:11:38
0.8913,2.3727,37140000,37147000,2023-11-05/30/23 00:11:39
0.8913,2.3727,37140000,37147000,2023-11-05/30/23 00:11:40
0.9058,2.4217999999999997,37131000,37147000,2023-11-05/30/23 00:11:41
2.153,1.7601000000000002,37132000,37147000,2023-11-05/30/23 00:11:42
1.6178,2.3743999999999996,37147000,37148000,2023-11-05/30/23 00:11:43
2.2061,2.3366,37140000,37152000,2023-11-05/30/23 00:11:44
2.2061,2.3366,37140000,37152000,2023-11-05/30/23 00:11:45
1.4712,2.8423,37131000,37150000,2023-11-05/30/23 00:11:46
1.4712,2.8423,37131000,37150000,2023-11-05/30/23 00:11:47
1.6155,2.8423,37132000,37150000,2023-11-05/30/23 00:11:48
1.6155,2.8697,37132000,37152000,2023-11-05/30/23 00:11:49
1.05,2.8586,37132000,37152000,2023-11-05/30/23 00:11:50
1.05,2.8586,37132000,37152000,2023-11-05/30/23 00:11:51
1.1219000000000001,2.83,37132000,37151000,2023-11-05/30/23 00:11:52
1.1669,3.9268,37132000,37151000,2023-11-05/30/23 00:11:53
1.1669,3.9268,37132000,37151000,2023-11-05/30/23 00:11:54
1.0903,3.9268,37132000,37151000,2023-11-05/30/23 00:11:55
0.4467,3.9268,37132000,37151000,2023-11-05/30/23 00:11:56
1.1269999999999998,3.9268,37133000,37151000,2023-11-05/30/23 00:11:57
1.1269999999999998,3.9268,37133000,37151000,2023-11-05/30/23 00:11:58
0.9302000000000001,3.5796,37132000,37149000,2023-11-05/30/23 00:11:59
0.9303000000000001,3.5796,37132000,37149000,2023-12-05/30/23 00:12:00
0.9303000000000001,3.5796,37132000,37149000,2023-12-05/30/23 00:12:01
0.9860000000000001,3.5796,37132000,37149000,2023-12-05/30/23 00:12:02
0.4484,3.5796,37132000,37149000,2023-12-05/30/23 00:12:03
0.9860000000000001,3.5796,37132000,37149000,2023-12-05/30/23 00:12:04
0.9860000000000001,3.5796,37132000,37149000,2023-12-05/30/23 00:12:05
0.9860000000000001,3.5796,37132000,37149000,2023-12-05/30/23 00:12:06
0.9860000000000001,3.5796,37132000,37149000,2023-12-05/30/23 00:12:07
0.9860000000000001,3.5796,37132000,37149000,2023-12-05/30/23 00:12:08
0.9860000000000001,3.5796,37132000,37149000,2023-12-05/30/23 00:12:09
0.9860000000000001,3.5796,37132000,37149000,2023-12-05/30/23 00:12:10
0.9860000000000001,3.5796,37132000,37149000,2023-12-05/30/23 00:12:11
0.9860000000000001,3.5796,37132000,37149000,2023-12-05/30/23 00:12:12
0.9860000000000001,3.5796,37132000,37149000,2023-12-05/30/23 00:12:13
1.5514000000000001,1.0010000000000001,37132000,37149000,2023-12-05/30/23 00:12:14
1.5514000000000001,1.0010000000000001,37132000,37149000,2023-12-05/30/23 00:12:15
0.4526,1.5762999999999998,37134000,37156000,2023-12-05/30/23 00:12:16
0.4526,1.6021999999999998,37134000,37154000,2023-12-05/30/23 00:12:17
0.4526,1.6021999999999998,37134000,37154000,2023-12-05/30/23 00:12:18
0.4526,1.6210999999999998,37134000,37154000,2023-12-05/30/23 00:12:19
2.0413,1.6210999999999998,37132000,37154000,2023-12-05/30/23 00:12:20
2.0413,1.5307,37132000,37153000,2023-12-05/30/23 00:12:21
2.0413,3.1883,37132000,37153000,2023-12-05/30/23 00:12:22
2.0413,0.47989999999999994,37132000,37153000,2023-12-05/30/23 00:12:23
1.5227,0.9929999999999999,37132000,37153000,2023-12-05/30/23 00:12:24
1.5037,0.9929999999999999,37132000,37153000,2023-12-05/30/23 00:12:25
1.5210000000000001,1.0834,37132000,37154000,2023-12-05/30/23 00:12:26
1.5082000000000002,1.6209999999999998,37132000,37154000,2023-12-05/30/23 00:12:27
2.0285,1.1063999999999998,37132000,37154000,2023-12-05/30/23 00:12:28
2.0285,1.1063999999999998,37132000,37154000,2023-12-05/30/23 00:12:29
1.5375999999999999,1.0475,37136000,37156000,2023-12-05/30/23 00:12:30
1.5375999999999999,1.0475,37136000,37156000,2023-12-05/30/23 00:12:31
1.5627999999999997,1.5876,37136000,37162000,2023-12-05/30/23 00:12:32
1.5627999999999997,1.0357,37136000,37162000,2023-12-05/30/23 00:12:33
1.6549999999999998,1.5876,37138000,37162000,2023-12-05/30/23 00:12:34
1.6018999999999999,1.05,37142000,37162000,2023-12-05/30/23 00:12:35
1.5821999999999998,1.5875999999999997,37142000,37162000,2023-12-05/30/23 00:12:36
1.5821999999999998,1.5849999999999997,37142000,37161000,2023-12-05/30/23 00:12:37
1.575,0.9775,37142000,37161000,2023-12-05/30/23 00:12:38
1.575,0.9775,37142000,37161000,2023-12-05/30/23 00:12:39
1.5816,0.9775,37142000,37161000,2023-12-05/30/23 00:12:40
2.1149,0.9775,37142000,37161000,2023-12-05/30/23 00:12:41
2.1149,1.6324999999999998,37142000,37161000,2023-12-05/30/23 00:12:42
2.1149,1.6324999999999998,37142000,37161000,2023-12-05/30/23 00:12:43
3.2316000000000003,2.6322,37140000,37161000,2023-12-05/30/23 00:12:44
1.0928,2.052,37140000,37161000,2023-12-05/30/23 00:12:45
0.5552,2.0521000000000003,37140000,37161000,2023-12-05/30/23 00:12:46
0.4487,2.0521000000000003,37140000,37161000,2023-12-05/30/23 00:12:47
0.448,2.1228000000000002,37138000,37161000,2023-12-05/30/23 00:12:48
0.429,1.5619,37138000,37159000,2023-12-05/30/23 00:12:49
0.2712,2.1361000000000003,37134000,37157000,2023-12-05/30/23 00:12:50
0.2712,2.1361000000000003,37134000,37157000,2023-12-05/30/23 00:12:51
0.2333,2.0856,37132000,37155000,2023-12-05/30/23 00:12:52
0.2651,2.0856,37132000,37155000,2023-12-05/30/23 00:12:53
0.2651,2.0856,37132000,37155000,2023-12-05/30/23 00:12:54
0.2654,2.0265999999999997,37132000,37153000,2023-12-05/30/23 00:12:55
0.21430000000000002,1.5616,37131000,37140000,2023-12-05/30/23 00:12:56
1.3421,0.913,37131000,37140000,2023-12-05/30/23 00:12:57
1.3421,0.913,37131000,37140000,2023-12-05/30/23 00:12:58
2.5117000000000003,0.9834,37124000,37140000,2023-12-05/30/23 00:12:59
2.8911000000000002,0.9834,37124000,37140000,2023-13-05/30/23 00:13:00
2.0651,0.3797,37126000,37140000,2023-13-05/30/23 00:13:01
2.1133,0.3797,37126000,37140000,2023-13-05/30/23 00:13:02
2.1133,0.3797,37126000,37140000,2023-13-05/30/23 00:13:03
2.1685000000000003,0.3797,37127000,37140000,2023-13-05/30/23 00:13:04
2.5133,2.1339,37126000,37140000,2023-13-05/30/23 00:13:05
1.3911,2.1339,37126000,37140000,2023-13-05/30/23 00:13:06
1.3911,1.4971,37126000,37140000,2023-13-05/30/23 00:13:07
1.9252,1.4767000000000001,37126000,37140000,2023-13-05/30/23 00:13:08
1.9252,1.4767000000000001,37126000,37140000,2023-13-05/30/23 00:13:09
1.9252,1.4767000000000001,37126000,37140000,2023-13-05/30/23 00:13:10
1.9252,1.4767000000000001,37126000,37140000,2023-13-05/30/23 00:13:11
1.9252,1.4396,37126000,37138000,2023-13-05/30/23 00:13:12
1.8854000000000002,1.4356,37126000,37138000,2023-13-05/30/23 00:13:13
1.8854000000000002,1.4722,37126000,37131000,2023-13-05/30/23 00:13:14
1.8854,1.4722,37126000,37131000,2023-13-05/30/23 00:13:15
1.4065,1.4021,37126000,37131000,2023-13-05/30/23 00:13:16
1.9442000000000002,1.5141,37126000,37143000,2023-13-05/30/23 00:13:17
1.9442000000000002,1.5141,37126000,37143000,2023-13-05/30/23 00:13:18
1.5655000000000001,1.4948000000000004,37126000,37144000,2023-13-05/30/23 00:13:19
1.5465,2.0843,37126000,37144000,2023-13-05/30/23 00:13:20
1.5465,2.0843,37126000,37144000,2023-13-05/30/23 00:13:21
1.5802,2.0428,37124000,37145000,2023-13-05/30/23 00:13:22
1.5802,2.0428,37124000,37145000,2023-13-05/30/23 00:13:23
1.5802,2.0428,37124000,37145000,2023-13-05/30/23 00:13:24
1.7205000000000001,1.4533,37125000,37145000,2023-13-05/30/23 00:13:25
1.7677,1.4533,37125000,37145000,2023-13-05/30/23 00:13:26
1.8377000000000001,2.6081,37125000,37145000,2023-13-05/30/23 00:13:27
1.8377000000000001,2.0202,37125000,37145000,2023-13-05/30/23 00:13:28
2.3581,1.4825,37125000,37145000,2023-13-05/30/23 00:13:29
1.8567,2.0748,37125000,37145000,2023-13-05/30/23 00:13:30
1.9094000000000002,2.0748,37126000,37145000,2023-13-05/30/23 00:13:31
1.9094000000000002,2.0748000000000006,37126000,37145000,2023-13-05/30/23 00:13:32
1.9094000000000002,2.0748000000000006,37126000,37145000,2023-13-05/30/23 00:13:33
1.9094000000000002,2.0748000000000006,37126000,37145000,2023-13-05/30/23 00:13:34
1.9088000000000003,2.6536,37126000,37145000,2023-13-05/30/23 00:13:35
1.9088000000000003,2.6541000000000006,37126000,37145000,2023-13-05/30/23 00:13:36
2.4465000000000003,2.6541000000000006,37126000,37145000,2023-13-05/30/23 00:13:37
2.4465000000000003,2.6541000000000006,37126000,37145000,2023-13-05/30/23 00:13:38
2.4275,1.6037000000000003,37126000,37136000,2023-13-05/30/23 00:13:39
2.4275,1.5283000000000002,37126000,37143000,2023-13-05/30/23 00:13:40
2.4425000000000003,1.5283000000000002,37126000,37143000,2023-13-05/30/23 00:13:41
2.4425000000000003,1.5283000000000002,37126000,37143000,2023-13-05/30/23 00:13:42
2.4425000000000003,1.5310000000000001,37126000,37143000,2023-13-05/30/23 00:13:43
2.4152,1.5310000000000001,37126000,37143000,2023-13-05/30/23 00:13:44
2.4152,1.5310000000000001,37126000,37143000,2023-13-05/30/23 00:13:45
2.4152,1.5310000000000001,37126000,37143000,2023-13-05/30/23 00:13:46
2.4152,1.5310000000000001,37126000,37143000,2023-13-05/30/23 00:13:47
2.4152000000000005,1.5310000000000001,37126000,37143000,2023-13-05/30/23 00:13:48
1.2883000000000002,2.1233,37127000,37143000,2023-13-05/30/23 00:13:49
0.7506,2.1233,37127000,37143000,2023-13-05/30/23 00:13:50
0.7506,2.1233,37127000,37143000,2023-13-05/30/23 00:13:51
0.7506,2.1233,37127000,37143000,2023-13-05/30/23 00:13:52
1.2396000000000003,1.7486000000000002,37127000,37142000,2023-13-05/30/23 00:13:53
1.2396000000000003,1.7486000000000002,37127000,37142000,2023-13-05/30/23 00:13:54
1.2396000000000003,1.7486000000000002,37127000,37142000,2023-13-05/30/23 00:13:55
0.7019000000000001,1.7675000000000005,37127000,37142000,2023-13-05/30/23 00:13:56
1.8559,1.7480000000000002,37127000,37142000,2023-13-05/30/23 00:13:57
1.8153000000000001,1.7480000000000002,37125000,37142000,2023-13-05/30/23 00:13:58
2.353,1.7242000000000002,37125000,37142000,2023-13-05/30/23 00:13:59
2.423,1.7242000000000002,37125000,37142000,2023-14-05/30/23 00:14:00
2.442,1.7275000000000003,37125000,37127000,2023-14-05/30/23 00:14:01
2.4031,1.6735000000000002,37127000,37142000,2023-14-05/30/23 00:14:02
2.4031000000000002,1.6681000000000004,37127000,37142000,2023-14-05/30/23 00:14:03
1.8728000000000002,1.6663000000000001,37125000,37142000,2023-14-05/30/23 00:14:04
1.8728000000000002,1.6663000000000001,37125000,37142000,2023-14-05/30/23 00:14:05
2.4122,1.6663000000000001,37125000,37142000,2023-14-05/30/23 00:14:06
2.4122,1.6663000000000001,37125000,37142000,2023-14-05/30/23 00:14:07
1.8745,1.6663000000000001,37125000,37142000,2023-14-05/30/23 00:14:08
1.8745,1.6663000000000001,37125000,37142000,2023-14-05/30/23 00:14:09
2.1805000000000003,1.6663000000000001,37124000,37142000,2023-14-05/30/23 00:14:10
2.1805000000000003,2.2587,37124000,37142000,2023-14-05/30/23 00:14:11
2.1105,2.2587,37124000,37142000,2023-14-05/30/23 00:14:12
2.1105,2.2587,37124000,37142000,2023-14-05/30/23 00:14:13
2.0921000000000003,2.2587,37124000,37142000,2023-14-05/30/23 00:14:14
2.0921000000000003,2.2587,37124000,37142000,2023-14-05/30/23 00:14:15
2.0921000000000003,2.2587,37124000,37142000,2023-14-05/30/23 00:14:16
2.0921000000000003,2.2587,37124000,37142000,2023-14-05/30/23 00:14:17
2.0921000000000003,2.2587,37124000,37142000,2023-14-05/30/23 00:14:18
2.0921000000000003,2.2587,37124000,37142000,2023-14-05/30/23 00:14:19
2.0873000000000004,2.2587,37124000,37142000,2023-14-05/30/23 00:14:20
2.0873,2.2587,37124000,37142000,2023-14-05/30/23 00:14:21
2.0873,2.2587,37124000,37142000,2023-14-05/30/23 00:14:22
2.0873000000000004,2.2587,37124000,37142000,2023-14-05/30/23 00:14:23
2.0873000000000004,2.2587,37124000,37142000,2023-14-05/30/23 00:14:24
2.0873000000000004,2.2587,37124000,37142000,2023-14-05/30/23 00:14:25
2.0739,2.2587,37124000,37142000,2023-14-05/30/23 00:14:26
1.5362,2.2587,37124000,37142000,2023-14-05/30/23 00:14:27
1.6062,2.2587,37124000,37142000,2023-14-05/30/23 00:14:28
1.5982,1.6615,37123000,37124000,2023-14-05/30/23 00:14:29
2.1169000000000002,1.5609000000000002,37123000,37124000,2023-14-05/30/23 00:14:30
2.1439,2.2398000000000002,37123000,37142000,2023-14-05/30/23 00:14:31
2.1439,2.2398000000000002,37123000,37142000,2023-14-05/30/23 00:14:32
2.1439,1.6259000000000003,37123000,37124000,2023-14-05/30/23 00:14:33
3.2229,1.5853,37122000,37123000,2023-14-05/30/23 00:14:34
2.2347,2.2005,37124000,37139000,2023-14-05/30/23 00:14:35
2.3154000000000003,2.2005,37124000,37139000,2023-14-05/30/23 00:14:36
2.3154000000000003,2.2005,37124000,37139000,2023-14-05/30/23 00:14:37
1.7777,2.2005,37124000,37139000,2023-14-05/30/23 00:14:38
1.7777,2.2005,37124000,37139000,2023-14-05/30/23 00:14:39
1.7506000000000002,1.6299000000000003,37123000,37124000,2023-14-05/30/23 00:14:40
1.7896,1.6685,37123000,37124000,2023-14-05/30/23 00:14:41
1.7196000000000002,1.6685,37123000,37124000,2023-14-05/30/23 00:14:42
2.2537000000000003,1.6685,37123000,37124000,2023-14-05/30/23 00:14:43
2.2537000000000003,1.6685,37123000,37124000,2023-14-05/30/23 00:14:44
2.2539,1.6685,37123000,37124000,2023-14-05/30/23 00:14:45
0.632,1.6685,37123000,37124000,2023-14-05/30/23 00:14:46
0.632,1.6685,37123000,37124000,2023-14-05/30/23 00:14:47
0.6339,1.6685,37123000,37124000,2023-14-05/30/23 00:14:48
0.6339,1.6685,37123000,37124000,2023-14-05/30/23 00:14:49
0.7039000000000001,2.2606,37123000,37135000,2023-14-05/30/23 00:14:50
2.1754,2.2794999999999996,37123000,37135000,2023-14-05/30/23 00:14:51
3.0055,2.2434000000000003,37123000,37135000,2023-14-05/30/23 00:14:52
3.0055,2.2434000000000003,37123000,37135000,2023-14-05/30/23 00:14:53
3.0055,2.7968,37123000,37135000,2023-14-05/30/23 00:14:54
3.0055,3.3890000000000002,37123000,37135000,2023-14-05/30/23 00:14:55
3.0055,3.3890000000000002,37123000,37135000,2023-14-05/30/23 00:14:56
3.0055,3.3890000000000002,37123000,37135000,2023-14-05/30/23 00:14:57
3.0055,3.3890000000000002,37123000,37135000,2023-14-05/30/23 00:14:58
3.0053,3.3890000000000002,37123000,37135000,2023-14-05/30/23 00:14:59
3.0053,3.3890000000000002,37123000,37135000,2023-15-05/30/23 00:15:00
3.0053,3.3890000000000002,37123000,37135000,2023-15-05/30/23 00:15:01
3.0259,3.3890000000000002,37123000,37135000,2023-15-05/30/23 00:15:02
3.0259,2.7968,37123000,37135000,2023-15-05/30/23 00:15:03
3.0529,2.7968,37123000,37135000,2023-15-05/30/23 00:15:04
3.0529,2.7968,37123000,37135000,2023-15-05/30/23 00:15:05
3.0010000000000003,2.7559999999999993,37123000,37135000,2023-15-05/30/23 00:15:06
3.0010000000000003,2.7559999999999993,37123000,37135000,2023-15-05/30/23 00:15:07
1.7926000000000002,2.1639,37123000,37135000,2023-15-05/30/23 00:15:08
1.7926000000000002,2.1639,37123000,37135000,2023-15-05/30/23 00:15:09
1.3574,2.1639,37123000,37135000,2023-15-05/30/23 00:15:10
1.3574,2.1639,37123000,37135000,2023-15-05/30/23 00:15:11
0.651,2.7069,37122000,37133000,2023-15-05/30/23 00:15:12
0.5992000000000001,2.2081,37122000,37129000,2023-15-05/30/23 00:15:13
0.5992000000000001,2.2081,37122000,37129000,2023-15-05/30/23 00:15:14
0.6066,2.7459,37122000,37129000,2023-15-05/30/23 00:15:15
0.6264,1.5915,37122000,37129000,2023-15-05/30/23 00:15:16
0.23840000000000003,1.5915,37122000,37129000,2023-15-05/30/23 00:15:17
0.23840000000000003,2.1602,37122000,37129000,2023-15-05/30/23 00:15:18
0.286,3.2632000000000003,37122000,37129000,2023-15-05/30/23 00:15:19
0.286,3.2632000000000003,37122000,37129000,2023-15-05/30/23 00:15:20
1.4301,2.7079000000000004,37122000,37129000,2023-15-05/30/23 00:15:21
1.4301,3.3114000000000003,37122000,37129000,2023-15-05/30/23 00:15:22
1.4301,3.3114000000000003,37122000,37129000,2023-15-05/30/23 00:15:23
1.4693,3.2576,37122000,37129000,2023-15-05/30/23 00:15:24
1.4693,3.2576,37122000,37129000,2023-15-05/30/23 00:15:25
1.4693,3.2576,37122000,37129000,2023-15-05/30/23 00:15:26
0.3992,2.7033,37122000,37129000,2023-15-05/30/23 00:15:27
0.4692,2.6934,37122000,37133000,2023-15-05/30/23 00:15:28
1.5526,3.2403,37122000,37133000,2023-15-05/30/23 00:15:29
1.5526,3.2403,37122000,37133000,2023-15-05/30/23 00:15:30
0.9874,3.2403,37122000,37133000,2023-15-05/30/23 00:15:31
0.9874,3.2403,37122000,37133000,2023-15-05/30/23 00:15:32
1.5526,3.2118,37122000,37133000,2023-15-05/30/23 00:15:33
1.5526,3.2118,37122000,37133000,2023-15-05/30/23 00:15:34
2.0204,0.6019,37122000,37135000,2023-15-05/30/23 00:15:35
2.0204,0.6019,37122000,37135000,2023-15-05/30/23 00:15:36
2.0204,0.6019,37122000,37135000,2023-15-05/30/23 00:15:37
1.9445999999999999,1.1888999999999998,37122000,37137000,2023-15-05/30/23 00:15:38
1.9256,1.1888999999999998,37122000,37137000,2023-15-05/30/23 00:15:39
1.9256,1.088,37122000,37137000,2023-15-05/30/23 00:15:40
1.9256,1.1888999999999998,37122000,37137000,2023-15-05/30/23 00:15:41
1.9256,1.088,37122000,37137000,2023-15-05/30/23 00:15:42
1.9256,1.088,37122000,37137000,2023-15-05/30/23 00:15:43
1.8718,1.0505,37122000,37137000,2023-15-05/30/23 00:15:44
1.9452,2.1534999999999997,37122000,37137000,2023-15-05/30/23 00:15:45
1.9452,2.1534999999999997,37122000,37137000,2023-15-05/30/23 00:15:46
1.9406999999999999,1.6199999999999999,37122000,37137000,2023-15-05/30/23 00:15:47
1.9406999999999999,1.6199999999999999,37122000,37137000,2023-15-05/30/23 00:15:48
1.9597,1.6199999999999999,37122000,37137000,2023-15-05/30/23 00:15:49
1.9597,1.6199999999999999,37122000,37137000,2023-15-05/30/23 00:15:50
1.9597,1.6199999999999999,37122000,37137000,2023-15-05/30/23 00:15:51
1.9597,1.5828999999999998,37122000,37137000,2023-15-05/30/23 00:15:52
1.9597,1.5828999999999998,37122000,37137000,2023-15-05/30/23 00:15:53
1.9597,1.5828999999999998,37122000,37137000,2023-15-05/30/23 00:15:54
1.9597,1.5828999999999998,37122000,37137000,2023-15-05/30/23 00:15:55
1.9597,1.5828999999999998,37122000,37137000,2023-15-05/30/23 00:15:56
1.8687999999999998,0.5335,37124000,37137000,2023-15-05/30/23 00:15:57
1.8687999999999998,0.5335,37124000,37137000,2023-15-05/30/23 00:15:58
1.8769,0.5335,37124000,37137000,2023-15-05/30/23 00:15:59
1.8769,0.5335,37124000,37137000,2023-16-05/30/23 00:16:00
0.7928999999999999,0.5335,37124000,37137000,2023-16-05/30/23 00:16:01
0.7738999999999999,1.6161,37124000,37137000,2023-16-05/30/23 00:16:02
0.7738999999999999,1.6161,37124000,37137000,2023-16-05/30/23 00:16:03
0.7738999999999999,1.6161,37124000,37137000,2023-16-05/30/23 00:16:04
0.7738999999999999,1.6161,37124000,37137000,2023-16-05/30/23 00:16:05
1.8727999999999998,2.096,37122000,37137000,2023-16-05/30/23 00:16:06
1.8727999999999998,2.096,37122000,37137000,2023-16-05/30/23 00:16:07
1.9486,1.0814,37122000,37142000,2023-16-05/30/23 00:16:08
1.8578000000000001,1.0274,37122000,37142000,2023-16-05/30/23 00:16:09
1.8578000000000001,1.6539000000000001,37122000,37142000,2023-16-05/30/23 00:16:10
1.8578000000000001,1.6539000000000001,37123000,37142000,2023-16-05/30/23 00:16:11
1.8578000000000001,1.6539000000000001,37123000,37142000,2023-16-05/30/23 00:16:12
1.8771,1.1095000000000002,37123000,37142000,2023-16-05/30/23 00:16:13
1.9632,1.1095000000000002,37126000,37142000,2023-16-05/30/23 00:16:14
1.9329,1.1095000000000002,37126000,37142000,2023-16-05/30/23 00:16:15
1.9329,1.1095000000000002,37126000,37142000,2023-16-05/30/23 00:16:16
1.9329,1.1095000000000002,37125000,37142000,2023-16-05/30/23 00:16:17
1.9329,1.1095000000000002,37125000,37142000,2023-16-05/30/23 00:16:18
1.9329,1.0856000000000001,37125000,37140000,2023-16-05/30/23 00:16:19
1.9329,1.0856000000000001,37125000,37140000,2023-16-05/30/23 00:16:20
1.9329,2.1432,37125000,37142000,2023-16-05/30/23 00:16:21
2.0067,1.0258,37137000,37142000,2023-16-05/30/23 00:16:22
2.0067,1.0258,37137000,37142000,2023-16-05/30/23 00:16:23
2.0067,2.1432,37137000,37142000,2023-16-05/30/23 00:16:24
2.0067,2.1432,37137000,37142000,2023-16-05/30/23 00:16:25
1.7829000000000002,2.0895,37137000,37142000,2023-16-05/30/23 00:16:26
2.3177000000000003,2.0378,37137000,37142000,2023-16-05/30/23 00:16:27
2.2866,1.4566999999999999,37137000,37142000,2023-16-05/30/23 00:16:28
2.2866,1.4566999999999999,37137000,37142000,2023-16-05/30/23 00:16:29
1.7518000000000002,1.4566999999999999,37137000,37142000,2023-16-05/30/23 00:16:30
1.9753,1.4566999999999999,37137000,37142000,2023-16-05/30/23 00:16:31
1.9753,1.4566999999999999,37137000,37142000,2023-16-05/30/23 00:16:32
1.4414000000000002,1.9899999999999998,37137000,37142000,2023-16-05/30/23 00:16:33
1.4414000000000002,1.4566999999999999,37137000,37142000,2023-16-05/30/23 00:16:34
2.2858000000000005,0.40959999999999996,37137000,37142000,2023-16-05/30/23 00:16:35
2.2858000000000005,0.3729,37137000,37142000,2023-16-05/30/23 00:16:36
2.2858000000000005,0.3729,37137000,37142000,2023-16-05/30/23 00:16:37
2.2858000000000005,0.42519999999999997,37137000,37142000,2023-16-05/30/23 00:16:38
1.7519000000000002,0.42519999999999997,37137000,37142000,2023-16-05/30/23 00:16:39
1.7519000000000002,0.42519999999999997,37137000,37142000,2023-16-05/30/23 00:16:40
1.7519000000000002,0.42519999999999997,37137000,37142000,2023-16-05/30/23 00:16:41
1.7519000000000002,0.42519999999999997,37137000,37142000,2023-16-05/30/23 00:16:42
1.844,0.4105,37137000,37141000,2023-16-05/30/23 00:16:43
1.844,0.4105,37137000,37141000,2023-16-05/30/23 00:16:44
1.844,0.9483,37137000,37141000,2023-16-05/30/23 00:16:45
1.844,0.4105,37137000,37141000,2023-16-05/30/23 00:16:46
1.844,0.9489,37137000,37141000,2023-16-05/30/23 00:16:47
1.7021000000000002,0.9489,37137000,37141000,2023-16-05/30/23 00:16:48
1.7808000000000002,0.9443999999999999,37126000,37141000,2023-16-05/30/23 00:16:49
1.7808000000000002,0.9443999999999999,37126000,37141000,2023-16-05/30/23 00:16:50
2.3186,0.41109999999999997,37126000,37141000,2023-16-05/30/23 00:16:51
2.3186,0.41109999999999997,37126000,37141000,2023-16-05/30/23 00:16:52
2.3847,2.5846,37125000,37141000,2023-16-05/30/23 00:16:53
2.3847,2.5656000000000003,37125000,37141000,2023-16-05/30/23 00:16:54
2.3847,3.056,37125000,37141000,2023-16-05/30/23 00:16:55
2.3847,3.056,37125000,37141000,2023-16-05/30/23 00:16:56
2.3847,3.056,37125000,37141000,2023-16-05/30/23 00:16:57
2.0744000000000002,3.056,37125000,37141000,2023-16-05/30/23 00:16:59
2.3849999999999993,3.1249,37125000,37141000,2023-17-05/30/23 00:17:00
2.3798,3.1526,37125000,37141000,2023-17-05/30/23 00:17:01
2.3798,3.1526,37125000,37141000,2023-17-05/30/23 00:17:02
0.9662,3.1092000000000004,37125000,37139000,2023-17-05/30/23 00:17:03
0.9662,3.1092000000000004,37125000,37139000,2023-17-05/30/23 00:17:04
0.9662,3.1281,37125000,37139000,2023-17-05/30/23 00:17:05
0.9662,3.1087,37125000,37139000,2023-17-05/30/23 00:17:06
0.9662,3.1087,37125000,37139000,2023-17-05/30/23 00:17:07
1.0078,3.1561,37125000,37139000,2023-17-05/30/23 00:17:08
1.2651000000000001,1.5562000000000002,37122000,37135000,2023-17-05/30/23 00:17:09
1.2141000000000002,2.094,37122000,37135000,2023-17-05/30/23 00:17:10
1.2141000000000002,2.094,37122000,37135000,2023-17-05/30/23 00:17:11
1.2141000000000002,2.094,37122000,37135000,2023-17-05/30/23 00:17:12
1.2141000000000002,2.094,37122000,37135000,2023-17-05/30/23 00:17:13
2.3171,2.094,37122000,37135000,2023-17-05/30/23 00:17:14
2.3319,1.5562000000000002,37126000,37135000,2023-17-05/30/23 00:17:15
2.4027,1.5562000000000002,37126000,37135000,2023-17-05/30/23 00:17:16
2.3878999999999997,1.5562000000000002,37122000,37135000,2023-17-05/30/23 00:17:17
2.3834,1.5562000000000002,37122000,37135000,2023-17-05/30/23 00:17:18
2.3535,1.5562000000000002,37117000,37135000,2023-17-05/30/23 00:17:19
2.3535,1.5562000000000002,37117000,37135000,2023-17-05/30/23 00:17:20
2.3688999999999996,1.5562000000000002,37117000,37135000,2023-17-05/30/23 00:17:21
2.3688999999999996,1.5562000000000002,37117000,37135000,2023-17-05/30/23 00:17:22
2.4177,1.5562000000000002,37117000,37135000,2023-17-05/30/23 00:17:23
2.4177,1.5562000000000002,37117000,37135000,2023-17-05/30/23 00:17:24
2.4177,1.5562000000000002,37117000,37135000,2023-17-05/30/23 00:17:25
2.4177,1.5562000000000002,37117000,37135000,2023-17-05/30/23 00:17:26
2.4177,2.0941,37117000,37135000,2023-17-05/30/23 00:17:27
2.4177,1.5562000000000002,37117000,37135000,2023-17-05/30/23 00:17:28
2.4177,1.5562000000000002,37117000,37135000,2023-17-05/30/23 00:17:29
2.4128999999999996,1.5562000000000002,37117000,37135000,2023-17-05/30/23 00:17:30
2.4128999999999996,1.5562000000000002,37117000,37135000,2023-17-05/30/23 00:17:31
2.4128999999999996,1.5562000000000002,37117000,37135000,2023-17-05/30/23 00:17:32
2.4341,3.1387,37135000,37137000,2023-17-05/30/23 00:17:33
2.4187,3.1387,37135000,37137000,2023-17-05/30/23 00:17:34
2.4187,3.1387,37135000,37137000,2023-17-05/30/23 00:17:35
2.4187,3.1387,37135000,37137000,2023-17-05/30/23 00:17:36
2.4187,3.1387,37135000,37137000,2023-17-05/30/23 00:17:37
2.4187,3.1386000000000003,37135000,37137000,2023-17-05/30/23 00:17:38
2.4187,3.1574999999999998,37135000,37137000,2023-17-05/30/23 00:17:39
2.4886999999999997,3.1574999999999998,37135000,37137000,2023-17-05/30/23 00:17:40
2.4886999999999997,3.1574999999999998,37135000,37137000,2023-17-05/30/23 00:17:41
2.2289999999999996,3.1574999999999998,37135000,37137000,2023-17-05/30/23 00:17:42
2.299,2.0991,37135000,37137000,2023-17-05/30/23 00:17:43
2.3689999999999998,2.0991,37135000,37137000,2023-17-05/30/23 00:17:44
2.3879999999999995,2.0991,37135000,37137000,2023-17-05/30/23 00:17:45
2.3879999999999995,2.0991,37135000,37137000,2023-17-05/30/23 00:17:46
2.6981999999999995,2.0991,37135000,37137000,2023-17-05/30/23 00:17:47
2.6619999999999995,2.0991,37135000,37137000,2023-17-05/30/23 00:17:48
0.6957000000000002,1.5623000000000002,37135000,37136000,2023-17-05/30/23 00:17:49
0.6957000000000002,2.0715,37135000,37136000,2023-17-05/30/23 00:17:50
0.6957000000000002,2.0526,37135000,37136000,2023-17-05/30/23 00:17:51
0.6957000000000002,2.1001000000000003,37135000,37136000,2023-17-05/30/23 00:17:52
0.6957000000000002,2.1001000000000003,37135000,37136000,2023-17-05/30/23 00:17:53
0.6957000000000002,2.0526,37135000,37136000,2023-17-05/30/23 00:17:54
0.6957000000000002,1.5623000000000002,37135000,37136000,2023-17-05/30/23 00:17:55
0.7111000000000001,2.0526,37135000,37136000,2023-17-05/30/23 00:17:56
0.4708,2.0052,37117000,37134000,2023-17-05/30/23 00:17:57
1.0086000000000002,2.0052,37117000,37134000,2023-17-05/30/23 00:17:58
1.0086000000000002,1.6381000000000001,37117000,37134000,2023-17-05/30/23 00:17:59
1.1486000000000003,1.5969000000000002,37117000,37134000,2023-18-05/30/23 00:18:00
1.1486000000000003,1.5969000000000002,37117000,37134000,2023-18-05/30/23 00:18:01
1.1486000000000003,1.5416000000000003,37117000,37133000,2023-18-05/30/23 00:18:02
1.2870000000000001,1.5416000000000003,37117000,37133000,2023-18-05/30/23 00:18:03
1.2870000000000001,1.5416000000000003,37117000,37133000,2023-18-05/30/23 00:18:04
1.2870000000000001,1.5416000000000003,37117000,37133000,2023-18-05/30/23 00:18:05
1.2870000000000001,1.5416000000000003,37117000,37133000,2023-18-05/30/23 00:18:06
1.2870000000000001,1.5416000000000003,37117000,37133000,2023-18-05/30/23 00:18:07
1.3060000000000003,1.5416000000000003,37117000,37133000,2023-18-05/30/23 00:18:08
1.2360000000000002,1.4981000000000002,37117000,37133000,2023-18-05/30/23 00:18:09
1.096,1.4981000000000002,37117000,37133000,2023-18-05/30/23 00:18:10
1.096,1.4981000000000002,37117000,37133000,2023-18-05/30/23 00:18:11
1.1264,2.0337,37119000,37136000,2023-18-05/30/23 00:18:12
1.1157000000000001,2.0337,37119000,37136000,2023-18-05/30/23 00:18:13
1.1157000000000001,2.0052,37119000,37135000,2023-18-05/30/23 00:18:14
1.0597,1.5148000000000001,37116000,37135000,2023-18-05/30/23 00:18:15
1.0597,2.0052,37116000,37135000,2023-18-05/30/23 00:18:16
1.0609000000000002,1.5148000000000001,37116000,37135000,2023-18-05/30/23 00:18:17
1.0945000000000003,2.0052,37133000,37135000,2023-18-05/30/23 00:18:18
1.0226000000000002,2.0337,37133000,37136000,2023-18-05/30/23 00:18:19
1.0142000000000002,2.0053,37133000,37136000,2023-18-05/30/23 00:18:20
1.0142000000000002,2.0053,37133000,37136000,2023-18-05/30/23 00:18:21
1.0142000000000002,2.0551,37133000,37136000,2023-18-05/30/23 00:18:22
1.0142000000000002,1.5172,37133000,37136000,2023-18-05/30/23 00:18:23
1.0142000000000002,2.0551,37133000,37136000,2023-18-05/30/23 00:18:24
1.0035000000000003,1.4877,37133000,37134000,2023-18-05/30/23 00:18:25
0.9962000000000002,2.0565,37133000,37134000,2023-18-05/30/23 00:18:26
0.45120000000000005,2.0565,37116000,37134000,2023-18-05/30/23 00:18:27
1.0591000000000002,2.0565,37116000,37134000,2023-18-05/30/23 00:18:28
1.0591000000000002,2.0565,37116000,37134000,2023-18-05/30/23 00:18:29
1.0591000000000002,2.0565,37116000,37134000,2023-18-05/30/23 00:18:30
1.0781,2.0565,37116000,37134000,2023-18-05/30/23 00:18:31
1.1244,2.0565,37116000,37134000,2023-18-05/30/23 00:18:32
1.1244,2.0565,37116000,37134000,2023-18-05/30/23 00:18:33
1.1244,1.5186000000000002,37116000,37134000,2023-18-05/30/23 00:18:34
1.1244,1.5186000000000002,37116000,37134000,2023-18-05/30/23 00:18:35
1.1244,2.0565,37116000,37134000,2023-18-05/30/23 00:18:36
1.1244,2.0565,37116000,37134000,2023-18-05/30/23 00:18:37
1.1244,1.4688,37116000,37132000,2023-18-05/30/23 00:18:38
1.1244,1.4688,37116000,37132000,2023-18-05/30/23 00:18:39
1.1244,1.4688,37116000,37132000,2023-18-05/30/23 00:18:40
1.1244,1.4688,37116000,37132000,2023-18-05/30/23 00:18:41
1.1244,1.4688,37116000,37132000,2023-18-05/30/23 00:18:42
1.1244,2.0533,37116000,37132000,2023-18-05/30/23 00:18:43
1.1244,2.0533,37116000,37132000,2023-18-05/30/23 00:18:44
1.1244,2.0533,37116000,37132000,2023-18-05/30/23 00:18:45
1.1244,2.0533,37116000,37132000,2023-18-05/30/23 00:18:46
1.1244,2.0533,37116000,37132000,2023-18-05/30/23 00:18:47
1.1244,2.0533,37116000,37132000,2023-18-05/30/23 00:18:48
1.1244,1.5154,37116000,37132000,2023-18-05/30/23 00:18:49
1.1244,1.5154,37116000,37132000,2023-18-05/30/23 00:18:50
1.1244,2.0533,37116000,37132000,2023-18-05/30/23 00:18:51
1.1244,2.0533,37116000,37132000,2023-18-05/30/23 00:18:52
1.1244,2.0533,37116000,37132000,2023-18-05/30/23 00:18:53
1.1244,2.0533,37116000,37132000,2023-18-05/30/23 00:18:54
1.1244,2.0533,37116000,37132000,2023-18-05/30/23 00:18:55
1.1244,2.0533,37116000,37132000,2023-18-05/30/23 00:18:56
1.1244,2.0533,37116000,37132000,2023-18-05/30/23 00:18:57
1.1244,2.0533,37116000,37132000,2023-18-05/30/23 00:18:58
1.2644000000000002,2.0533,37116000,37132000,2023-18-05/30/23 00:18:59
1.2644000000000002,2.0533,37116000,37132000,2023-19-05/30/23 00:19:00
1.1244,2.0533,37116000,37132000,2023-19-05/30/23 00:19:01
1.1244,2.0533,37116000,37132000,2023-19-05/30/23 00:19:02
1.0781,2.0533,37116000,37132000,2023-19-05/30/23 00:19:03
1.0781,2.0533,37116000,37132000,2023-19-05/30/23 00:19:04
1.0781,2.0533,37116000,37132000,2023-19-05/30/23 00:19:05
1.0781,2.0533,37116000,37132000,2023-19-05/30/23 00:19:06
1.0781,2.0533,37116000,37132000,2023-19-05/30/23 00:19:07
1.0781,2.0533,37116000,37132000,2023-19-05/30/23 00:19:08
1.0781,2.0533,37116000,37132000,2023-19-05/30/23 00:19:09
1.0781,2.0533,37116000,37132000,2023-19-05/30/23 00:19:10
1.1983000000000001,2.0533,37116000,37132000,2023-19-05/30/23 00:19:11
1.1983000000000001,2.0533,37116000,37132000,2023-19-05/30/23 00:19:12
0.5898000000000001,2.0533,37117000,37132000,2023-19-05/30/23 00:19:13
0.5898000000000001,2.5686,37117000,37132000,2023-19-05/30/23 00:19:14
0.5898000000000001,2.5686,37117000,37132000,2023-19-05/30/23 00:19:15
0.5928,2.5686,37117000,37132000,2023-19-05/30/23 00:19:16
0.5928,2.5686,37117000,37132000,2023-19-05/30/23 00:19:17
0.5928,2.5686,37117000,37132000,2023-19-05/30/23 00:19:18
0.5391,2.5329,37117000,37131000,2023-19-05/30/23 00:19:19
0.5391,2.5679,37117000,37131000,2023-19-05/30/23 00:19:20
0.5162,2.5172,37117000,37129000,2023-19-05/30/23 00:19:21
0.5162,2.5172,37117000,37129000,2023-19-05/30/23 00:19:22
0.5162,2.5172,37117000,37129000,2023-19-05/30/23 00:19:23
0.5162,2.5172,37117000,37129000,2023-19-05/30/23 00:19:24
0.46520000000000006,2.5172,37117000,37129000,2023-19-05/30/23 00:19:25
0.46520000000000006,2.5172,37117000,37129000,2023-19-05/30/23 00:19:26
0.4691,2.5172,37117000,37129000,2023-19-05/30/23 00:19:27
0.4691,2.5172,37117000,37129000,2023-19-05/30/23 00:19:28
0.4691,2.5172,37117000,37129000,2023-19-05/30/23 00:19:29
0.4887,2.5172,37117000,37129000,2023-19-05/30/23 00:19:30
0.4887,2.5172,37117000,37129000,2023-19-05/30/23 00:19:31
0.4887,2.5172,37117000,37129000,2023-19-05/30/23 00:19:32
0.4887,2.5172,37117000,37129000,2023-19-05/30/23 00:19:33
0.4887,2.5172,37117000,37129000,2023-19-05/30/23 00:19:34
0.4887,2.5172,37117000,37129000,2023-19-05/30/23 00:19:35
0.4887,2.5172,37117000,37129000,2023-19-05/30/23 00:19:36
0.4887,2.5172,37117000,37129000,2023-19-05/30/23 00:19:37
0.4887,2.5172,37117000,37129000,2023-19-05/30/23 00:19:38
0.4887,2.5172,37117000,37129000,2023-19-05/30/23 00:19:39
0.4887,2.5172,37117000,37129000,2023-19-05/30/23 00:19:40
0.4887,2.5172,37117000,37129000,2023-19-05/30/23 00:19:41
0.4887,2.5172,37117000,37129000,2023-19-05/30/23 00:19:42
0.4887,2.5172,37117000,37129000,2023-19-05/30/23 00:19:43
0.4887,2.5172,37117000,37129000,2023-19-05/30/23 00:19:44
0.4887,2.5172,37117000,37129000,2023-19-05/30/23 00:19:45
0.4887,2.5172,37117000,37129000,2023-19-05/30/23 00:19:46
0.33380000000000004,3.136,37129000,37132000,2023-19-05/30/23 00:19:47
0.3384,3.136,37129000,37136000,2023-19-05/30/23 00:19:48
0.3384,3.136,37129000,37136000,2023-19-05/30/23 00:19:49
0.3384,3.136,37129000,37136000,2023-19-05/30/23 00:19:50
0.3384,3.136,37129000,37136000,2023-19-05/30/23 00:19:51
0.3384,3.1549,37129000,37136000,2023-19-05/30/23 00:19:52
0.3384,3.1549,37129000,37136000,2023-19-05/30/23 00:19:53
0.3384,3.1549,37129000,37136000,2023-19-05/30/23 00:19:54
0.40490000000000004,3.1549,37117000,37136000,2023-19-05/30/23 00:19:55
0.40490000000000004,3.1549,37117000,37136000,2023-19-05/30/23 00:19:56
0.4022,3.1549,37117000,37136000,2023-19-05/30/23 00:19:57
0.47000000000000003,2.5861,37116000,37134000,2023-19-05/30/23 00:19:58
0.5198,2.5672,37116000,37134000,2023-19-05/30/23 00:19:59
0.5762,2.5672,37116000,37134000,2023-20-05/30/23 00:20:00
0.5762,2.5672,37116000,37134000,2023-20-05/30/23 00:20:01
0.5762,2.5672,37116000,37134000,2023-20-05/30/23 00:20:02
1.1314,2.0519,37114000,37134000,2023-20-05/30/23 00:20:03
1.1314,2.5726,37114000,37131000,2023-20-05/30/23 00:20:04
1.1465,2.5726,37114000,37131000,2023-20-05/30/23 00:20:05
1.1465,2.5726,37114000,37131000,2023-20-05/30/23 00:20:06
1.1465,2.4441,37114000,37131000,2023-20-05/30/23 00:20:07
1.1465,2.4441,37114000,37131000,2023-20-05/30/23 00:20:08
1.1465,2.4441,37114000,37131000,2023-20-05/30/23 00:20:09
1.1465,2.4441,37114000,37131000,2023-20-05/30/23 00:20:10
1.1465,2.4441,37114000,37131000,2023-20-05/30/23 00:20:11
1.0901,2.4441,37114000,37131000,2023-20-05/30/23 00:20:12
1.0901,2.4441,37114000,37131000,2023-20-05/30/23 00:20:13
1.0901,2.4441,37114000,37131000,2023-20-05/30/23 00:20:14
1.1390000000000002,2.4441,37114000,37131000,2023-20-05/30/23 00:20:15
0.5486,2.4441,37114000,37131000,2023-20-05/30/23 00:20:16
0.5486,2.4441,37114000,37131000,2023-20-05/30/23 00:20:17
0.46040000000000003,3.0563,37116000,37131000,2023-20-05/30/23 00:20:18
0.46040000000000003,3.0563,37116000,37131000,2023-20-05/30/23 00:20:19
0.46040000000000003,3.0563,37116000,37131000,2023-20-05/30/23 00:20:20
0.46040000000000003,3.0563,37116000,37131000,2023-20-05/30/23 00:20:21
0.46040000000000003,3.0752,37116000,37131000,2023-20-05/30/23 00:20:22
0.46040000000000003,3.0752,37116000,37131000,2023-20-05/30/23 00:20:23
0.46040000000000003,3.0752,37116000,37131000,2023-20-05/30/23 00:20:24
0.46040000000000003,3.0752,37116000,37131000,2023-20-05/30/23 00:20:25
0.5083000000000001,3.0752,37116000,37131000,2023-20-05/30/23 00:20:26
0.5083000000000001,3.0752,37116000,37131000,2023-20-05/30/23 00:20:27
0.5083000000000001,3.0403,37116000,37131000,2023-20-05/30/23 00:20:28
0.5083000000000001,3.0403,37116000,37131000,2023-20-05/30/23 00:20:29
0.5083000000000001,3.0403,37116000,37131000,2023-20-05/30/23 00:20:30
0.5083000000000001,3.0403,37116000,37131000,2023-20-05/30/23 00:20:31
0.5083000000000001,3.0403,37116000,37131000,2023-20-05/30/23 00:20:32
0.5083000000000001,3.0403,37116000,37131000,2023-20-05/30/23 00:20:33
0.5083000000000001,3.0403,37116000,37131000,2023-20-05/30/23 00:20:34
0.48930000000000007,3.0564,37116000,37123000,2023-20-05/30/23 00:20:35
0.5083,3.0066,37116000,37123000,2023-20-05/30/23 00:20:36
0.5264,2.9994,37116000,37127000,2023-20-05/30/23 00:20:37
0.5264,2.9945000000000004,37116000,37131000,2023-20-05/30/23 00:20:38
0.5075000000000001,2.9945000000000004,37116000,37131000,2023-20-05/30/23 00:20:39
0.5075000000000001,3.0014,37116000,37129000,2023-20-05/30/23 00:20:40
0.5075000000000001,3.0014,37116000,37129000,2023-20-05/30/23 00:20:41
0.5075000000000001,3.0014,37116000,37129000,2023-20-05/30/23 00:20:42
0.5075000000000001,3.0014,37116000,37129000,2023-20-05/30/23 00:20:43
0.5075000000000001,3.0014,37116000,37129000,2023-20-05/30/23 00:20:44
0.5775000000000001,3.0014,37116000,37129000,2023-20-05/30/23 00:20:45
0.5775000000000001,3.0014,37116000,37129000,2023-20-05/30/23 00:20:46
0.5775000000000001,3.0014,37116000,37129000,2023-20-05/30/23 00:20:47
0.5775000000000001,3.0014,37116000,37129000,2023-20-05/30/23 00:20:48
0.6154000000000002,3.0331000000000006,37116000,37129000,2023-20-05/30/23 00:20:49
0.6154000000000002,3.0331000000000006,37116000,37129000,2023-20-05/30/23 00:20:50
0.6154000000000002,3.0331000000000006,37116000,37129000,2023-20-05/30/23 00:20:51
0.6154000000000002,3.0331000000000006,37116000,37129000,2023-20-05/30/23 00:20:52
0.6154000000000002,3.0331000000000006,37116000,37129000,2023-20-05/30/23 00:20:53
0.6154000000000002,3.0331000000000006,37116000,37129000,2023-20-05/30/23 00:20:54
0.6154000000000002,3.0331000000000006,37116000,37129000,2023-20-05/30/23 00:20:55
0.6154000000000002,3.0331000000000006,37116000,37129000,2023-20-05/30/23 00:20:56
0.6154000000000002,3.0331000000000006,37116000,37129000,2023-20-05/30/23 00:20:57
0.6154000000000002,3.0331000000000006,37116000,37129000,2023-20-05/30/23 00:20:58
0.5864,3.0331000000000006,37116000,37129000,2023-20-05/30/23 00:20:59
0.5864,3.0331000000000006,37116000,37129000,2023-21-05/30/23 00:21:00
0.5864,3.0331000000000006,37116000,37129000,2023-21-05/30/23 00:21:01
0.5864,3.0331000000000006,37116000,37129000,2023-21-05/30/23 00:21:02
0.5864,3.025,37116000,37129000,2023-21-05/30/23 00:21:03
0.5864,3.025,37116000,37129000,2023-21-05/30/23 00:21:04
0.5864,2.4882,37116000,37129000,2023-21-05/30/23 00:21:05
0.5864,2.4882,37116000,37129000,2023-21-05/30/23 00:21:06
0.5728,2.4882,37116000,37129000,2023-21-05/30/23 00:21:07
0.5728,2.4882,37116000,37129000,2023-21-05/30/23 00:21:08
0.5728,2.4882,37116000,37129000,2023-21-05/30/23 00:21:09
0.5728,2.4882,37116000,37129000,2023-21-05/30/23 00:21:10
0.5728,2.4882,37116000,37129000,2023-21-05/30/23 00:21:11
0.5728,2.4882,37116000,37129000,2023-21-05/30/23 00:21:12
0.5728,2.4882,37116000,37129000,2023-21-05/30/23 00:21:13
0.6428,2.4882,37116000,37129000,2023-21-05/30/23 00:21:14
1.7725000000000002,2.8458,37114000,37116000,2023-21-05/30/23 00:21:15
1.7025000000000001,2.8167999999999997,37114000,37116000,2023-21-05/30/23 00:21:16
1.7608000000000001,2.8167999999999997,37113000,37116000,2023-21-05/30/23 00:21:17
1.7761,2.8019,37113000,37116000,2023-21-05/30/23 00:21:18
1.7761,2.8019,37113000,37116000,2023-21-05/30/23 00:21:19
0.6921,2.6835000000000004,37113000,37116000,2023-21-05/30/23 00:21:20
0.6921,2.6835000000000004,37113000,37116000,2023-21-05/30/23 00:21:21
0.6809000000000001,2.6835000000000004,37114000,37116000,2023-21-05/30/23 00:21:22
0.6809000000000001,1.5552000000000001,37114000,37116000,2023-21-05/30/23 00:21:23
0.6809000000000001,1.5552000000000001,37114000,37116000,2023-21-05/30/23 00:21:24
0.6809000000000001,1.5552000000000001,37114000,37116000,2023-21-05/30/23 00:21:25
1.075,2.2070999999999996,37110000,37111000,2023-21-05/30/23 00:21:26
1.0117,2.9292999999999996,37108000,37111000,2023-21-05/30/23 00:21:27
1.0629,3.3827,37108000,37114000,2023-21-05/30/23 00:21:28
1.0629,3.5725000000000002,37108000,37116000,2023-21-05/30/23 00:21:29
1.137,3.4071,37108000,37116000,2023-21-05/30/23 00:21:30
1.1843000000000001,3.4071,37108000,37116000,2023-21-05/30/23 00:21:31
1.1843000000000001,3.4071,37108000,37116000,2023-21-05/30/23 00:21:32
1.1843000000000001,3.4283,37108000,37116000,2023-21-05/30/23 00:21:33
1.1843000000000001,3.4283,37108000,37116000,2023-21-05/30/23 00:21:34
0.7967000000000001,3.4283,37108000,37116000,2023-21-05/30/23 00:21:35
0.8957,3.3192999999999997,37110000,37114000,2023-21-05/30/23 00:21:36
1.2278,3.2990999999999997,37107000,37114000,2023-21-05/30/23 00:21:37
0.8626,3.3888999999999996,37107000,37116000,2023-21-05/30/23 00:21:38
0.9326000000000001,3.6030999999999995,37107000,37116000,2023-21-05/30/23 00:21:39
0.9326000000000001,3.6030999999999995,37107000,37116000,2023-21-05/30/23 00:21:40
0.9326000000000001,3.5551999999999997,37107000,37114000,2023-21-05/30/23 00:21:41
0.8704000000000001,3.6694,37107000,37114000,2023-21-05/30/23 00:21:42
1.2505000000000002,3.113,37106000,37114000,2023-21-05/30/23 00:21:43
1.1872,3.113,37105000,37114000,2023-21-05/30/23 00:21:44
1.1396,3.6376,37105000,37116000,2023-21-05/30/23 00:21:45
0.8791000000000001,3.4763,37100000,37104000,2023-21-05/30/23 00:21:46
0.8321000000000001,3.1233,37100000,37104000,2023-21-05/30/23 00:21:47
0.7717000000000002,2.8227999999999995,37100000,37110000,2023-21-05/30/23 00:21:48
0.7717000000000002,3.362,37100000,37110000,2023-21-05/30/23 00:21:49
0.8417000000000001,3.362,37100000,37110000,2023-21-05/30/23 00:21:50
0.8366,3.362,37100000,37110000,2023-21-05/30/23 00:21:51
0.8837999999999999,3.3466,37100000,37108000,2023-21-05/30/23 00:21:52
0.8837999999999999,3.3841,37100000,37108000,2023-21-05/30/23 00:21:53
0.8234000000000001,2.8947,37100000,37108000,2023-21-05/30/23 00:21:54
0.8934,3.3841,37100000,37108000,2023-21-05/30/23 00:21:55
0.8934,3.3841,37100000,37108000,2023-21-05/30/23 00:21:56
0.8934,2.7544999999999993,37100000,37108000,2023-21-05/30/23 00:21:57
0.881,2.967399999999999,37100000,37108000,2023-21-05/30/23 00:21:58
0.881,2.8658999999999994,37100000,37107000,2023-21-05/30/23 00:21:59
0.881,2.9238999999999993,37100000,37107000,2023-22-05/30/23 00:22:00
0.881,2.9238999999999993,37100000,37107000,2023-22-05/30/23 00:22:01
0.8432000000000001,2.6921,37100000,37107000,2023-22-05/30/23 00:22:02
1.7032,2.1152,37100000,37107000,2023-22-05/30/23 00:22:03
1.7445,2.224,37099000,37100000,2023-22-05/30/23 00:22:04
2.2828,1.7381000000000002,37099000,37100000,2023-22-05/30/23 00:22:05
2.3528,1.7381000000000002,37099000,37100000,2023-22-05/30/23 00:22:06
2.3528,1.7381000000000002,37099000,37100000,2023-22-05/30/23 00:22:07
2.3691,1.7243,37099000,37100000,2023-22-05/30/23 00:22:08
2.3691,1.5813000000000001,37099000,37100000,2023-22-05/30/23 00:22:09
2.3691,1.5813000000000001,37099000,37100000,2023-22-05/30/23 00:22:10
2.3691,1.5813000000000001,37099000,37100000,2023-22-05/30/23 00:22:11
2.3691,2.6916,37099000,37107000,2023-22-05/30/23 00:22:12
1.7033,2.8931,37100000,37108000,2023-22-05/30/23 00:22:13
1.7033,2.8931,37100000,37108000,2023-22-05/30/23 00:22:14
1.7033,2.8931,37100000,37108000,2023-22-05/30/23 00:22:15
1.6996,2.8931,37100000,37108000,2023-22-05/30/23 00:22:16
3.4351999999999996,2.8931,37098000,37108000,2023-22-05/30/23 00:22:17
1.7086000000000001,2.8931,37100000,37108000,2023-22-05/30/23 00:22:18
1.7127000000000001,2.7983000000000002,37100000,37108000,2023-22-05/30/23 00:22:19
1.7127000000000001,2.7983000000000002,37100000,37108000,2023-22-05/30/23 00:22:20
1.7127000000000001,2.7983000000000002,37100000,37108000,2023-22-05/30/23 00:22:21
1.7127000000000001,2.7983000000000002,37100000,37108000,2023-22-05/30/23 00:22:22
3.3270999999999997,2.7983000000000002,37098000,37108000,2023-22-05/30/23 00:22:23
3.3460999999999994,2.7983000000000002,37098000,37108000,2023-22-05/30/23 00:22:24
3.3337999999999997,2.7112,37098000,37108000,2023-22-05/30/23 00:22:25
3.3337999999999997,2.7112,37098000,37108000,2023-22-05/30/23 00:22:26
3.3337999999999997,2.7112,37098000,37108000,2023-22-05/30/23 00:22:27
3.3691999999999993,2.2358999999999996,37098000,37106000,2023-22-05/30/23 00:22:28
3.3691999999999993,2.198,37098000,37106000,2023-22-05/30/23 00:22:29
3.3691999999999993,3.2938,37098000,37106000,2023-22-05/30/23 00:22:30
3.3691999999999993,3.2938,37098000,37106000,2023-22-05/30/23 00:22:31
3.3691999999999993,3.2938,37098000,37106000,2023-22-05/30/23 00:22:32
3.3691999999999993,3.4160000000000004,37098000,37106000,2023-22-05/30/23 00:22:33
3.3691999999999993,3.6912999999999996,37098000,37110000,2023-22-05/30/23 00:22:34
3.3881999999999994,3.6912999999999996,37098000,37110000,2023-22-05/30/23 00:22:35
3.4151999999999996,3.6912999999999996,37098000,37110000,2023-22-05/30/23 00:22:36
3.4151999999999996,3.6790999999999996,37098000,37110000,2023-22-05/30/23 00:22:37
3.4151999999999996,3.1895999999999995,37098000,37110000,2023-22-05/30/23 00:22:38
3.4151999999999996,3.1895999999999995,37098000,37110000,2023-22-05/30/23 00:22:39
3.4091999999999993,3.6981999999999995,37098000,37110000,2023-22-05/30/23 00:22:40
3.4091999999999993,3.6981999999999995,37098000,37110000,2023-22-05/30/23 00:22:41
3.4091999999999993,1.3171000000000002,37098000,37110000,2023-22-05/30/23 00:22:42
3.4091999999999993,1.3171000000000002,37098000,37110000,2023-22-05/30/23 00:22:43
3.4091999999999993,1.324,37098000,37109000,2023-22-05/30/23 00:22:44
3.4091999999999993,0.8575999999999999,37098000,37109000,2023-22-05/30/23 00:22:45
3.4091999999999993,0.8386999999999999,37098000,37109000,2023-22-05/30/23 00:22:46
3.4091999999999993,1.2746000000000002,37098000,37109000,2023-22-05/30/23 00:22:47
3.4128,1.2746000000000002,37098000,37109000,2023-22-05/30/23 00:22:48
3.4128,1.2746000000000002,37098000,37109000,2023-22-05/30/23 00:22:49
3.4128,1.2746000000000002,37098000,37109000,2023-22-05/30/23 00:22:50
3.4128,3.2174,37098000,37109000,2023-22-05/30/23 00:22:51
3.4128,3.2363000000000004,37098000,37109000,2023-22-05/30/23 00:22:52
3.4128,3.2363000000000004,37098000,37109000,2023-22-05/30/23 00:22:53
3.4128,2.8469,37098000,37109000,2023-22-05/30/23 00:22:54
3.4128,2.8469,37098000,37109000,2023-22-05/30/23 00:22:55
2.2148999999999996,3.3853000000000004,37098000,37109000,2023-22-05/30/23 00:22:56
2.2148999999999996,3.3853000000000004,37098000,37109000,2023-22-05/30/23 00:22:57
2.0241000000000002,2.6979,37098000,37109000,2023-22-05/30/23 00:22:58
1.9499,2.6953,37098000,37107000,2023-22-05/30/23 00:22:59
1.9499,2.1307,37098000,37107000,2023-23-05/30/23 00:23:00
1.9499,3.2337,37098000,37107000,2023-23-05/30/23 00:23:01
1.1362,2.7624,37098000,37107000,2023-23-05/30/23 00:23:02
1.1715,3.3009999999999997,37098000,37107000,2023-23-05/30/23 00:23:03
0.8691000000000003,2.7291,37098000,37105000,2023-23-05/30/23 00:23:04
0.7258000000000002,3.1768,37098000,37105000,2023-23-05/30/23 00:23:05
0.7151000000000003,3.1293,37098000,37103000,2023-23-05/30/23 00:23:06
0.5330999999999999,3.1293,37094000,37102000,2023-23-05/30/23 00:23:07
0.5330999999999999,3.1293,37094000,37102000,2023-23-05/30/23 00:23:08
0.4648999999999999,3.1293,37094000,37102000,2023-23-05/30/23 00:23:09
0.45419999999999994,3.0906,37094000,37102000,2023-23-05/30/23 00:23:10
0.2769,3.0906,37094000,37102000,2023-23-05/30/23 00:23:11
0.38160000000000005,2.9863999999999997,37088000,37091000,2023-23-05/30/23 00:23:12
0.30770000000000003,2.6462999999999997,37086000,37091000,2023-23-05/30/23 00:23:13
0.33080000000000004,2.5553,37083000,37084000,2023-23-05/30/23 00:23:14
0.33870000000000006,3.0940000000000003,37081000,37084000,2023-23-05/30/23 00:23:15
0.33870000000000006,2.4836,37081000,37089000,2023-23-05/30/23 00:23:16
0.33870000000000006,0.4537,37081000,37088000,2023-23-05/30/23 00:23:17
0.28049999999999997,2.5031,37083000,37086000,2023-23-05/30/23 00:23:18
0.3932,3.1193999999999997,37064000,37080000,2023-23-05/30/23 00:23:19
0.3932,3.1211999999999995,37064000,37080000,2023-23-05/30/23 00:23:20
0.4238,3.114,37073000,37079000,2023-23-05/30/23 00:23:21
0.36910000000000004,3.1694999999999998,37073000,37079000,2023-23-05/30/23 00:23:22
0.36910000000000004,3.1694999999999998,37073000,37079000,2023-23-05/30/23 00:23:23
0.36910000000000004,0.8209000000000001,37073000,37078000,2023-23-05/30/23 00:23:24
0.41609999999999997,0.8588,37073000,37078000,2023-23-05/30/23 00:23:25
0.27570000000000006,0.4298,37057000,37059000,2023-23-05/30/23 00:23:26
0.27570000000000006,1.3941,37057000,37059000,2023-23-05/30/23 00:23:27
0.8734999999999999,1.3941,37057000,37059000,2023-23-05/30/23 00:23:28
0.4621,1.4207999999999998,37058000,37059000,2023-23-05/30/23 00:23:29
0.3822,0.474,37061000,37083000,2023-23-05/30/23 00:23:30
0.3679,0.46729999999999994,37061000,37103000,2023-23-05/30/23 00:23:31
0.3841,1.0054,37059000,37102000,2023-23-05/30/23 00:23:32
0.3849,0.5188999999999999,37060000,37103000,2023-23-05/30/23 00:23:33
0.3849,1.0051999999999999,37060000,37103000,2023-23-05/30/23 00:23:34
0.44580000000000003,0.5188999999999999,37064000,37103000,2023-23-05/30/23 00:23:35
0.42610000000000003,0.5188999999999999,37064000,37103000,2023-23-05/30/23 00:23:36
0.6576000000000001,0.5739,37066000,37103000,2023-23-05/30/23 00:23:37
0.6498,1.0601999999999998,37068000,37103000,2023-23-05/30/23 00:23:38
0.7375,1.0039,37062000,37101000,2023-23-05/30/23 00:23:39
0.748,0.5226999999999999,37064000,37099000,2023-23-05/30/23 00:23:40
0.623,0.5346,37064000,37097000,2023-23-05/30/23 00:23:41
0.623,3.5888,37064000,37076000,2023-23-05/30/23 00:23:42
0.623,2.959699999999999,37064000,37076000,2023-23-05/30/23 00:23:43
0.623,2.420799999999999,37064000,37076000,2023-23-05/30/23 00:23:44
0.623,2.420799999999999,37064000,37076000,2023-23-05/30/23 00:23:45
0.6013,0.8553,37062000,37095000,2023-23-05/30/23 00:23:46
0.6013,0.8553,37062000,37095000,2023-23-05/30/23 00:23:47
0.6097,0.9205,37063000,37095000,2023-23-05/30/23 00:23:48
0.6097,0.9205,37063000,37093000,2023-23-05/30/23 00:23:49
0.6097,0.9188000000000002,37063000,37091000,2023-23-05/30/23 00:23:50
0.6097,0.9188000000000002,37063000,37091000,2023-23-05/30/23 00:23:51
0.6160999999999999,3.0015999999999994,37063000,37074000,2023-23-05/30/23 00:23:52
0.6160999999999999,3.0427999999999993,37063000,37074000,2023-23-05/30/23 00:23:53
0.6199999999999999,3.0479999999999996,37063000,37074000,2023-23-05/30/23 00:23:54
0.6199999999999999,2.9929999999999994,37063000,37074000,2023-23-05/30/23 00:23:55
0.6389999999999999,3.0215999999999994,37063000,37074000,2023-23-05/30/23 00:23:56
0.6389999999999999,3.0215999999999994,37063000,37074000,2023-23-05/30/23 00:23:57
0.6389999999999999,3.0215999999999994,37063000,37074000,2023-23-05/30/23 00:23:58
0.6389999999999999,3.0765999999999996,37063000,37074000,2023-23-05/30/23 00:23:59
0.6389999999999999,3.0765999999999996,37063000,37074000,2023-24-05/30/23 00:24:00
0.6389999999999999,3.0786999999999995,37063000,37074000,2023-24-05/30/23 00:24:01
0.6389999999999999,3.0786999999999995,37063000,37074000,2023-24-05/30/23 00:24:02
0.6389999999999999,3.0786999999999995,37063000,37074000,2023-24-05/30/23 00:24:03
0.6389999999999999,3.0786999999999995,37063000,37074000,2023-24-05/30/23 00:24:04
0.5323,3.0786999999999995,37058000,37074000,2023-24-05/30/23 00:24:05
0.5873,3.0829999999999993,37058000,37073000,2023-24-05/30/23 00:24:06
0.6573,3.0829999999999993,37058000,37073000,2023-24-05/30/23 00:24:07
0.6573,3.0829999999999993,37058000,37073000,2023-24-05/30/23 00:24:08
0.6573,3.0829999999999993,37058000,37073000,2023-24-05/30/23 00:24:09
0.6573,0.8745000000000002,37058000,37074000,2023-24-05/30/23 00:24:10
0.6573,0.4047,37058000,37074000,2023-24-05/30/23 00:24:11
0.6573,0.8749000000000001,37058000,37074000,2023-24-05/30/23 00:24:12
0.6573,0.3886,37058000,37074000,2023-24-05/30/23 00:24:13
0.6573,0.8748000000000001,37058000,37074000,2023-24-05/30/23 00:24:14
0.6573,0.8748000000000001,37058000,37074000,2023-24-05/30/23 00:24:15
0.6573,0.33979999999999994,37058000,37074000,2023-24-05/30/23 00:24:16
